1641 2784
210 119 287 173 ¹154
441 112 568 155 car.
590 114 640 154 v.
665 107 747 150 ne
772 105 904 156 ms,
931 107 1048 157 Qui
1071 77 1333 160 aemiffis

204 209 511 273 dedustuS‚
571 204 817 272 injustam
858 204 1172 264 servit-utem
1229 211 1505 271 ministerii

199 285 354 341 causa
392 280 567 336 servit.
596 298 648 335 v.
686 278 1004 348 Quintilian.
1023 281 1095 339 lib
1144 283 1215 339 V.
1246 284 1366 341 lnst.
1383 306 1502 361 cap.

208 378 289 415 10.
333 357 388 410 &
432 354 733 410 Oratorem
770 353 1046 411 declamat.
1094 374 1216 429 311.
1270 357 1329 414 ἃ,
1382 379 1505 434 340,

198 433 499 489 Enimvero
542 428 780 486 servulus
820 430 909 486 ille
957 429 1138 488 noster
1184 449 1298 489 non
1352 437 1503 504 jure,

196 507 285 560 sed
327 503 509 573 ῑᾱέὶο,
549 503 921 580 magistratum
957 507 1216 581 gerebat:
1262 507 1389 579 quia
1431 509 1504 568 ob

194 579 438 637 infimam
478 579 850 638 conditionem
877 619 896 647 ‚
941 582 1093 636 velut
1140 578 1250 637 line
1291 583 1503 654 capite,

195 651 306 709 fine
344 655 564 711 nomine
610 654 667 714 δε
715 655 976 728 persona,
1016 655 1216 723 κεδας,
1270 658 1505 728 quadru-

193 729 422 801 pedibus
466 748 528 785 ac
567 730 886 785 mortalitati
941 747 1326 786 annumeratus
1368 770 1386 799 ‚
1436 732 1503 789 ab

193 805 346 861 omni
371 821 596 860 munere
622 804 765 861 civili
798 808 848 857 &
878 802 1016 869 iusto
1056 804 1371 880 magistratu
1408 824 1502 861 ex-

191 878 527 935 cludebatur.
611 878 811 950 Neque
851 894 975 933 cum
1030 878 1145 933 aliis
1201 877 1504 935 existiman-

190 953 320 1008 dum
353 953 462 1019 est,
504 952 762 1022 ejusmodi
785 952 1030 1018 servum,
1074 954 1351 1009 communi
1381 954 1501 1025 opi-

190 1029 355 1083 nione
396 1047 500 1098 pro
542 1028 716 1083 libero
756 1026 1039 1093 habitum,
1094 1026 1264 1083 tacito
1306 1030 1503 1100 populi

188 1103 390 1171 judicio
420 1103 760 1159 manumitti:
804 1101 1078 1175 quodnam
1122 1101 1264 1157 enirn
1304 1099 1381 1155 ibi
1420 1104 1500 1167 ju-

187 1177 420 1242 dicium,
458 1177 735 1234 consensus
778 1191 874 1230 aut
912 1179 1162 1231 voluntas
1201 1174 1296 1231 ubi
1343 1194 1502 1231 error

187 1249 651 1321 deprehenditur?
688 1244 838 1320 Apte
871 1252 1032 1306 etiam
1060 1248 1338 1320 respondit
1367 1250 1498 1304 Mo-

184 1324 418 1380 destinus
448 1323 557 1379 albi
583 1323 942 1396 descriptione
985 1324 1205 1379 minime
1248 1322 1496 1379 decurio-

185 1417 309 1453 nem
352 1398 592 1463 fac'tum,
646 1399 741 1470 qui
782 1397 1072 1453 secundum
1112 1398 1291 1471 legem
1336 1397 1496 1454 decu-

182 1474 269 1527 rio
299 1488 511 1541 creatus
539 1490 651 1528 non
679 1469 742 1527 sit
760 1509 777 1534 ,
815 1472 872 1526 in
914 1473 947 1527 l.
998 1489 1076 1528 10.
1111 1472 1193 1524 ⁶2).
1219 1473 1283 1529 de
1311 1472 1494 1529 decur.

180 1565 359 1618 neque
386 1546 599 1612 servus,
643 1547 736 1618 qui
775 1546 912 1601 liber
949 1545 1304 1612 credebatur,
1346 1544 1382 1600 si
1416 1550 1493 1613 ju-

180 1622 284 1676 dex
328 1639 422 1675 aut
467 1636 623 1676 tutor
676 1620 832 1675 datus
886 1618 953 1674 sit
980 1657 998 1685 ,
1051 1618 1176 1675 ideo
1211 1618 1274 1673 fit
1318 1618 1489 1685 liber,

181 1696 215 1752 l.
251 1713 335 1750 22.
364 1695 446 1749 ‘D
477 1694 536 1750 de
566 1693 675 1765 test.
703 1705 803 1751 tut.
834 1694 867 1751 l·
903 1711 923 1750 1
942 1710 984 1748 1.
1011 1694 1068 1748 C.
1098 1691 1331 1749 deliber.
1358 1692 1490 1768 caufi

179 1787 235 1825 et
260 1769 517 1844 singulari
541 1768 854 1824 liberalitati
880 1768 985 1823 suae
1008 1766 1286 1824 vindicant
1315 1768 1491 1839 lmpe-

177 1859 391 1900 ratores
419 1883 438 1911 ,
498 1841 648 1915 quod
705 1841 1057 1898 sustineretur
1112 1840 1489 1898 testamentum

176 1922 323 1986 eim,
366 1918 488 1984 cui,
528 1920 671 1973 inter
715 1916 848 1971 alios
890 1915 1046 1972 testes
1085 1915 1348 1980 idoneos»,
1388 1915 1487 1972 ser-

177 2012 277 2046 vus
321 2012 422 2063 per
459 2010 704 2047 errorem
742 1990 1014 2048 adhibitus
1067 1990 1278 2055 fuerat,
1341 1996 1381 2054 ,ς
1429 1992 1494 2060 7.’

175 2066 304 2136 ΙηΙῗ.
338 2066 397 2126 de
434 2066 628 2142 testam.
672 2066 892 2124 minime
918 2063 1134 2125 tandem
1179 2064 1483 2123 communis

178 2143 374 2215 populi
402 2161 558 2197 error
586 2143 814 2199 formam
849 2145 979 2208 juris
1030 2140 1235 2213 publici
1271 2153 1482 2193 mutare

173 2214 384 2288 potest,
413 2217 446 2270 l.
483 2234 567 2289 39.
597 2218 668 2275 D.
710 2217 771 2272 de
800 2217 917 2273 LL.
960 2218 996 2275 l.
1041 2215 1092 2273 6»
1132 2221 1186 2279 §-
1244 2229 1288 2267 Ι·
1318 2212 1389 2268 Ι).
1421 2212 1484 2266 de

179 2289 284 2363 Off
314 2290 477 2362 Praes
520 2291 727 2348 Herald
762 2290 891 2345 Obs.
923 2309 1038 2362 cap.
1070 2304 1161 2369 29..
1180 2287 1476 2341 Perrenon.

173 2364 264 2421 lib.
299 2355 546 2422 1.Anim.
570 2384 688 2440 cap.
723 2371 805 2425 18.
832 2364 1045 2438 Lopez.
1077 2359 1338 2420 animadv.
1355 2378 1479 2491 gargi
