1641 2784
202 123 252 151 20
455 105 1249 150 CAP.1.DECOLON118.

203 205 434 261 Romam
460 204 511 259 se
537 195 848 266 contulisse,
888 199 1083 256 Cicero
1101 201 1190 255 lib.
1221 203 1319 259 IX.
1338 207 1486 279 epist.

210 293 292 347 15·
323 278 550 340 indicat,
599 273 690 328 ubi
733 274 1010 344 queritur,
1061 275 1117 328 in
1166 275 1368 332 Urbem
1408 281 1489 336 in-

200 353 364 409 fusam
414 348 513 405 else
564 347 1045 421 peregrinitatem,
1111 347 1167 403 &
1218 349 1486 409 braccatas

203 425 606 496 Cisalpinasque
636 420 881 476 nationes
912 424 967 476 in
996 424 1251 477 Senatum
1280 423 1381 481 esse
1405 444 1488 481 re-

201 497 401 571 ceptas.
474 497 618 552 Hinc
645 495 806 550 etiam
836 495 936 548 illis
956 496 1098 568 apud
1127 497 1382 554 Tacitum
1407 501 1487 554 in-

201 569 571 645 dignantibus:
622 572 717 626 An
762 578 953 641 parum
1006 571 1143 643 quod
1187 575 1372 629 Veneti
1415 573 1490 641 &⁸

199 645 443 721 Irqsichres
472 648 678 700 curiam
708 646 1041 715 irruperint,
1073 647 1167 717 m'fi
1180 657 1335 702 caetus
1361 650 1492 703 alie-

200 725 510 791 nigenarum
548 720 695 774 velut
723 720 1020 789 captivitas
1046 722 1365 789 inseratur?
1407 740 1490 775 re-

197 793 419 867 spondet
458 792 711 847 Claudius
752 791 896 845 dieto
945 810 1060 863 cap.
1108 809 1190 860 24.
1242 796 1492 860 Majores

198 871 297 923 mei
321 866 645 932 hortantur,
684 866 763 919 uti
800 865 1023 937 paribus
1051 868 1267 938 confiliis
1304 869 1486 941 Remp.

195 939 480 1014 capeffffam,
545 937 910 1005 transferendo
974 939 1070 995 huc
1111 942 1245 1012 quod
1283 941 1486 1015 usquam

196 1018 458 1086 egregimn
473 1012 608 1084 fuit.
650 1013 758 1066 Et:
797 1012 931 1082 Jam
949 1013 1209 1078 moribus,
1246 1016 1482 1081 artibus,

196 1088 544 1160 affinitatibus
572 1086 757 1157 uostris
793 1090 985 1153 mixti,
1036 1105 1220 1143 aurum
1264 1087 1338 1155 {9⁹
1376 1099 1490 1161 opes

177 1167 310 1231 *suas
348 1161 589 1232 infhrant
641 1162 847 1232 potius,
888 1176 1038 1232 quam
1086 1160 1334 1234 separati
1391 1164 1488 1218 ha-

197 1237 369 1291 beant.
410 1233 573 1290 Addo
609 1233 962 1289 Claudianum
1002 1235 1242 1292 Stilicon.
1273 1234 1361 1291 lib.
1388 1236 1482 1290 ΠΙ.

197 1310 265 1364 vs.
306 1322 422 1377 150.
455 1308 521 1364 de
555 1309 757 1364 Roma:

266 1382 398 1437 Haec
424 1381 489 1452 est
515 1385 566 1434 in
572 1383 824 1456 gremium
847 1381 1013 1435 vit‘t'os
1037 1400 1143 1454 quae
1155 1384 1271 1451 sola
1282 1383 1489 1456 recepit,

266 1457 467 1509 Matris
488 1473 580 1508 non
593 1457 794 1509 dominae
806 1456 920 1508 ritu
936 1491 953 1518 ‚
992 1456 1234 1527 civeisque
1259 1460 1485 1518 vocavit,

265 1532 407 1597 Qos
419 1529 622 1590 domuit,
631 1547 855 1601 nexuque
854 1534 942 1599 pio
955 1528 1221 1602 longinqua
1234 1530 1487 1583 revinxit.

271 1602 438 1673 Hujus
454 1603 686 1675 pacificis
713 1602 931 1655 debemus
960 1602 1182 1654 moribus
1216 1620 1413 1667 omnes,

269 1675 425 1750 Quod
433 1676 595 1728 veluti
595 1677 790 1747 patriis
802 1675 1085 1749 regionibus
1099 1677 1265 1730 utitur
1288 1675 1453 1750 hospes
1464 1701 1482 1731 .-

263 1749 415 1818 Qtod
436 1748 591 1802 canai
649 1767 734 1802 ens
759 1766 857 1802 una
873 1749 1064 1817 fimus.

267 1830 319 1887 §-
361 1822 456 1877 ΙΙΙ.
497 1822 582 1877 Ex
608 1768 689 1876 iiis
716 1821 833 1877 satis
851 1822 1112 1893 ,opinor,
1149 1822 1483 1881 manifestum

197 1896 304 1962 est,
350 1914 508 1967 quam
537 1897 700 1969 longe
727 1913 759 1950 a
785 1896 1089 1968 municipiis
1115 1897 1339 1953 coloniae
1369 1898 1484 1954 fue-

197 1973 308 2026 rint
361 1970 622 2026 discretae:
677 1965 787 2026 ssve
829 1972 968 2025 enim
1007 1970 1304 2043 originem,
1375 1968 1483 2026 five

198 2043 389 2099 statum
414 2043 471 2096 δε
496 2061 718 2099 munera
750 2040 1046 2117 confideres
1066 2081 1084 2110 ,
1121 2042 1296 2101 ubivis
1334 2041 1482 2099 diffe-

199 2117 374 2172 rentia
412 2118 600 2172 elucet.
687 2117 885 2172 Coloni
919 2116 1180 2190 siquidem
1221 2137 1287 2174 ex
1332 2118 1483 2171 fami·

195 2192 279 2247 liis
306 2190 534 2245 Romani
559 2192 862 2260 procreati,
904 2191 1129 2247 &extra
1155 2191 1336 2245 urbem
1351 2209 1482 2262 pro-

200 2264 413 2337 pagati,
456 2281 645 2344 agrum
689 2267 880 2334 procul
920 2266 1203 2320 colendum
1240 2264 1483 2334 acquire-

198 2337 362 2395 bant:
397 2336 703 2411 Municipes
732 2356 865 2395 vero
897 2357 964 2395 ex
999 2337 1214 2399 subditis
1250 2337 1480 2466 civitgti-

1415 2429 1475 2466 us
