1641 2784
233 150 282 192 68
454 146 1299 193 CAP.11.DEMAGISTRATIBUS

239 264 364 319 puae
390 242 757 301 Duumvirum
779 242 980 314 liquet:
1008 243 1083 297 ait
1106 261 1367 319 namque,
1408 258 1526 320 cap.

241 321 343 378 XI.
388 317 615 390 Seplasia
658 316 973 384 mehercule,
1013 329 1072 375 ut
1096 318 1199 375 dici
1225 319 1529 386 audiebam,

243 405 297 450 te
321 403 378 446 ut
406 394 630 462 primum
653 390 887 465 adspexit
911 394 1225 466 Campanum
1255 393 1530 467 Consulem,

240 464 558 538 repudiavit.
598 468 649 516 &
683 463 804 535 post
842 465 998 520 redit.
1040 468 1096 520 in
1131 467 1309 523 Senat.
1343 485 1457 538 cap.
1479 482 1530 535 7.

246 542 495 610 Capuaene
507 549 559 594 te
577 538 836 612 putabas,
876 543 930 595 in
954 556 1055 614 qua
1077 540 1202 595 urbe
1228 540 1535 596 domicilium

246 613 498 688 quondam
519 611 784 685 superhiae
816 609 967 682 fuit,
1008 615 1264 680 Conficleuz
1318 612 1441 688 effe,
1464 615 1536 689 fi-

245 698 478 747 cuteras
511 703 567 742 eo
592 695 819 758 tempore
844 691 868 739 ,Ρ
904 685 1102 742 Rursus
1118 688 1257 743 idem
1277 725 1296 753 ,
1331 688 1535 760 Capuae

244 759 545 832 superbiam
577 760 972 833 perstm'ngens,
1010 761 1269 835 ILagrar.
1315 779 1431 832 cap,
1451 776 1536 831 34.

249 833 454 906 Quibus
510 837 714 908 primus
775 850 936 889 aimus
997 832 1132 889 hanc
1202 835 1540 907 cupiditatem

248 906 509 980 attuliffet
542 945 560 972 ,
615 925 778 963 noune
829 908 1187 964 arbitramini
1224 912 1410 982 paucis
1445 924 1539 963 an-

249 986 332 1040 m's
389 979 544 1053 fuzffe
613 980 869 1056 Consulum
938 998 1112 1036 nomen
1193 985 1538 1054 appetituros,

250 1057 389 1112 Haec
408 1055 566 1127 plana
590 1054 723 1108 sunt.
765 1053 952 1110 Minus
981 1071 1161 1109 autem
1186 1052 1419 1126 praefidii
1445 1071 1544 1107 no-

252 1129 357 1185 stra
376 1127 636 1184 sententia
658 1126 821 1183 habet
839 1147 906 1183 ex
926 1129 1191 1184 Strabone
1209 1127 1298 1182 lib.
1323 1129 1399 1182 V.
1417 1145 1542 1199 pag.

256 1216 378 1273 241.
414 1201 471 1255 &
513 1201 678 1256 Floro
718 1201 808 1257 lib.
847 1202 939 1257 ΙΙΙ.
985 1221 1099 1275 cap.
1136 1208 1216 1258 18.
1258 1202 1351 1273 qui
1389 1203 1549 1255 Sena-'

255 1288 365 1333 tum
392 1311 408 1337 ,
450 1276 674 1349 Consules
710 1275 784 1344 &³
821 1275 1093 1331 Praetores
1137 1275 1367 1330 Corfinii
1401 1292 1546 1328 crea-

254 1366 341 1406 tos
368 1364 890 1406 commemorarunt:
931 1349 1057 1404 urbs
1092 1349 1230 1404 enirn
1255 1349 1341 1403 illa
1366 1347 1545 1413 Italis,

257 1438 449 1479 contra
482 1423 757 1478 Romanos
787 1423 1263 1487 tumultuantibuS,
1301 1423 1423 1476 loco
1439 1420 1544 1474 Ro-

257 1515 360 1553 mae
384 1534 404 1564 ,
442 1495 508 1551 ad
536 1495 697 1552 breve
729 1510 939 1569 tempus
979 1514 1141 1569 caput
1176 1496 1279 1550 fuit
1309 1492 1548 1567 defigna-
1635 1516 1636 1519 ¹

260 1586 347 1636 ta,
402 1574 453 1622 &
501 1567 716 1625 fimulac
760 1574 839 1638 jus
879 1570 1107 1624 civitatis
1147 1569 1498 1640 impetratum
1528 1603 1547 1631 ,

261 1640 517 1700 Consules
550 1644 687 1699 vitio
716 1643 882 1699 creati
899 1641 1172 1704 cessarunt.
1211 1639 1548 1704 x⁷id.Reines,

258 1716 408 1791 epist.
441 1733 525 1789 31.
565 1716 745 1792 Magis
771 1731 996 1772 vexatus
1039 1716 1111 1772 est
1135 1712 1362 1772 Ausonii
1382 1714 1533 1768 locus

260 1793 320 1849 in
348 1792 501 1848 claris
524 1791 643 1847 urb.
680 1809 760 1861 13.

334 1866 522 1992 DiligZ
546 1864 923 1941 Burdigalam2·
961 1866 1172 1921 Romam
1196 1863 1322 1917 colo.-
1351 1861 1484 1916 civis
1497 1859 1551 1912 in

520 1941 703 2009 acfitm
715 1975 734 2001 ,
1556 1946 1560 1949 ’

332 2011 516 2082 Confiel
554 2013 609 2066 in
646 2009 903 2069 ambabus.
976 2013 1127 2069 Cunae
1165 2011 1247 2065 hic
1273 2046 1290 2074 ,
1330 2007 1402 2062 ibi
1414 2006 1552 2076 sella

490 2087 698 2142 curulis.

263 2158 515 2215 Velserus
556 2159 698 2215 enim
726 2161 852 2217 Rer.
877 2154 1020 2235 Aug.
1047 2159 1211 2226 Vindz
1248 2154 1425 2217 lib-V·
1455 2171 1554 2210 VO-

266 2233 416 2290 cibus
445 2247 646 2303 praeter
662 2235 909 2290 codicum
923 2235 1253 2290 vetustorum
1268 2228 1431 2284 fidem
1447 2244 1553 2282 tra-

265 2305 439 2378 iestis,
452 2305 619 2379 legit:
652 2310 831 2375 Consul
856 2312 910 2363 in
934 2308 1189 2381 hacsum,
1228 2305 1358 2358 civis
1374 2305 1553 2356 inam-

267 2379 460 2446 habas,
500 2380 587 2438 cui
613 2379 796 2456 Scipio
820 2381 1053 2440 Gentilis
1079 2380 1167 2438 lib.
1187 2378 1256 2437 11.
1285 2374 1350 2433 de
1372 2372 1551 2445 Jurisd.

295 2467 297 2470 ’
393 2465 404 2513 j
1430 2466 1552 2520 cap.
