1641 2784
194 120 270 177 ‘⁸⁶’
394 112 525 153 car.
551 109 624 153 x1.
649 106 896 150 AEmnsss
916 110 1304 159 cunnroaizs

264 209 345 270 di,
380 222 524 260 coenae
568 204 623 262 {62⁴
662 204 947 275 largitiones
981 207 1110 261 alios
1150 209 1386 270 AEdiles
1424 217 1494 268 ad

268 283 487 353 inopiam
513 278 836 353 redigebant,
852 281 981 333 alios
993 283 1189 348 statuis
1217 288 1490 350 ornabant,

269 358 397 411 alios
443 373 476 406 a
513 371 717 406 munere
757 356 1092 408 deterrebant.
1166 358 1368 430 Legata
1422 360 1495 413 ad

262 430 408 488 ludos
435 428 640 481 remla.
701 427 740 481 l.
789 436 869 482 16.
917 429 996 483 D.
1033 431 1091 483 de
1121 434 1211 500 ufic
1252 432 1307 488 (5
1330 434 1489 502 usufr.

263 508 362 580 leg.
393 500 703 572 illustratur.

323 650 559 708 ‘actenus
604 651 883 720 civita-tum
933 655 987 705 δε·
1039 669 1265 709 annonae
1308 671 1491 708 curam

191 659 334 797 H
381 728 644 799 persecuti
691 729 897 792 summ,
930 744 1088 796 quam
1123 746 1154 781 a
1181 726 1336 782 nobis
1369 727 1491 781 fieri

189 803 410 879 potuit,
453 800 859 875 diligentissime.
933 798 1117 856 Restat
1161 801 1226 854 de
1251 801 1387 855 ludis
1419 801 1491 854 di-

190 895 406 946 camus3
450 892 681 946 quorum
722 875 1060 930 curationem
1106 875 1321 928 Tullius
1366 875 1492 927 ulti·

188 971 282 1011 mo
326 954 449 1006 loco
491 948 558 1004 ad
592 949 883 1005 AEdilium
921 945 1097 1003 officia
1139 947 1309 1001 refert
1334 985 1354 1013 ,
1405 946 1492 1002 sed

191 1027 287 1100 qui
322 1023 467 1079 haud
499 1022 823 1096 postremam
856 1040 1047 1077 eorum
1086 1038 1295 1093 partem
1316 1057 1335 1086 ,
1384 1035 1494 1074 tam

188 1101 249 1158 in
297 1097 525 1155 coloniis
568 1098 625 1153 &
670 1096 1010 1167 municipii8‚
1052 1113 1213 1165 quam
1251 1096 1306 1149 in
1342 1094 1492 1149 Urbe

189 1174 490 1230 absolvunt.
567 1172 657 1226 De
696 1169 996 1226 Romulidis
1028 1171 1211 1224 Varro
1256 1172 1493 1238 conque-

188 1247 297 1305 stus
343 1245 460 1309 est,
516 1243 665 1314 quod
704 1261 890 1297 manus
928 1260 1150 1297 movere
1184 1244 1400 1296 mallent
1436 1242 1493 1295 in

191 1320 411 1376 theatro
440 1316 498 1370 &
536 1318 715 1381 (sirm,
757 1333 916 1387 quam
942 1318 1000 1370 in
1023 1315 1287 1387 segetibus
1319 1334 1379 1369 ac
1414 1315 1494 1369 vi-

191 1396 337 1451 neis:
383 1392 441 1445 δε
482 1389 686 1445 Seneca
728 1405 930 1443 tantam
966 1388 1246 1443 hominum
1281 1388 1494 1443 turbam

191 1469 262 1525 ad
292 1465 506 1521 theatra·
531 1462 845 1518 confluxisse
872 1477 1062 1528 notat,
1104 1479 1165 1516 ut
1193 1461 1361 1517 tribus
1403 1480 1494 1516 eo-

191 1542 316 1599 dem
344 1556 591 1609 tempore
620 1536 875 1604 theatri3‚
915 1539 970 1592 id
1001 1536 1074 1592 est
1113 1536 1179 1590 ad
1215 1537 1316 1592 tria
1348 1533 1498 1591 thea=

194 1632 301 1682 tra,
331 1615 431 1668 viae
447 1611 550 1667 sint
575 1610 885 1683 postulatae,
926 1612 1015 1667 lib.
1039 1629 1083 1667 1.
1111 1610 1176 1664 de
1208 1612 1359 1664 clem.
1376 1628 1490 1681 cap„

193 1692 246 1748 6.
287 1687 491 1744 Eadem
528 1704 694 1752 vero,
725 1704 818 1743 aut
835 1701 982 1742 certe
1012 1689 1204 1752 maior,
1221 1701 1379 1754 quam
1394 1701 1494 1754 par

191 1779 346 1830 erat,
389 1760 722 1831 municipum
748 1760 944 1815 insania
977 1760 1112 1814 fuit:
1159 1759 1362 1830 quippe
1404 1757 1497 1829 qui

193 1839 403 1895 animos
441 1834 737 1889 histrionali
787 1835 975 1891 favore
1023 1832 1495 1908 gladiatorumque

192 1912 376 1969 studiis
414 1909 550 1964 adeo
593 1908 863 1965 habebant
899 1924 1193 1980 occupatos
1216 1945 1235 1973 2
1288 1921 1350 1961 ut
1385 1921 1495 1961 non

194 1988 297 2044 alia
323 2003 383 2040 re
409 2002 495 2039 ma
535 1984 612 2048 is»,
629 2001 789 2054 quam
813 1984 950 2040 ludis
977 1982 1041 2038 ad
1070 2000 1326 2054 pompam
1345 1979 1491 2035 ador-

195 2062 332 2117 natis
361 2057 513 2115 delec
537 2072 788 2126 arentur,
828 2060 884 2114 in
910 2057 992 2112 his
1023 2056 1360 2113 etiam'urbis
1388 2053 1492 2107 suae

195 2134 358 2192 decus
390 2138 443 2186 &
481 2133 750 2188 honorem
791 2131 950 2189 situm
994 2130 1096 2188 effe
1133 2144 1418 2204 putarent,
1455 2125 1492 2180 Ι.

202 2226 326 2265 122.
363 2209 435 2262 D.
465 2207 527 2263 de
554 2208 715 2278 legat.
744 2209 831 2265 lib.
869 2226 911 2264 1.
958 2206 1312 2278 Quapropter
1338 2199 1491 2255 Calli-

200 2281 392 2338 stratus
418 2280 629 2348 scribit,
649 2282 967 2354 quibusdam
981 2281 1039 2334 in
1060 2276 1383 2339 civitatibus,
1403 2274 1490 2339 iis,

204 2356 302 2431 Sul
329 2354 494 2428 YtulgO
517 2358 738 2430 iuvenes
762 2358 1101 2433 appellantur
1123 2391 1144 2421 ,
1178 2348 1488 2430 spectaculis

1414 2438 1501 2487 m&
