1641 2784
550 141 998 184 Lononoms
1344 143 1419 198 383

134 256 248 308 τες,
273 237 599 302 PontificeS‚
637 231 928 310 Augures,
966 232 1264 310 Auspices3
1304 236 1414 295 Cu-

129 316 347 381 riones,
398 309 636 368 Vestales
660 346 681 375 ,
747 309 1041 378 Flamine3‚
1105 310 1418 383 Epulones.,

132 389 414 462 Sibyllini,
432 383 592 448 Salii,
609 383 844 452 Lu'perci
859 421 876 449 ‚
893 383 951 437 &
974 386 1170 439 mirum
1185 385 1358 452 foret,
1375 385 1417 441 si

130 465 305 517 nullus
353 474 600 516 veterum
650 455 915 511 AEdilitiae
966 455 1123 527 hujus
1174 459 1416 516 notionis

129 535 450 592 meminerit.
524 529 750 584 Nullum
791 544 1059 602 praeterea
1112 540 1236 588 anni
1290 551 1415 606 qua-

129 607 410 684 dragesimi
435 601 719 677 vestigium
756 602 957 671 exstat,
1004 606 1063 659 in
1101 623 1417 664 monumen—

130 685 196 738 tis
239 680 487 752 antiquis.
572 680 726 733 Plato
756 678 972 751 quidem
1010 678 1069 733 δε
1096 675 1416 738 Aristoteles

129 756 282 810 valde
322 754 529 811 senibus
589 767 797 807 tantum
835 751 1128 809 sacerdotia
1166 753 1281 810 dari
1317 774 1416 811 vo-

126 831 377 892 luerunt,
416 827 748 883 &Romulus
775 843 886 881 non
916 824 1014 881 nisi
1030 843 1228 884 annum
1259 829 1414 902 quin-

130 903 496 975 quagesimum
531 898 762 976 egressos
796 899 921 975 eligi
968 900 1266 958 sacerdotes
1308 902 1420 958 san-

130 978 291 1042 civit,
361 975 582 1030 austore
625 971 896 1049 Dionyfio
928 974 1019 1030 lib.
1058 975 1125 1030 II.
1168 995 1284 1049 cap.
1329 994 1419 1031 21.

131 1050 238 1105 Sed
279 1050 548 1104 Henricus
597 1047 899 1120 Stephanus
952 1047 1040 1103 lib.
1092 1049 1190 1105 IV.
1259 1048 1417 1105 Sche-

130 1123 300 1178 diasm.
347 1139 426 1192 19.
456 1139 580 1176 eum
609 1120 675 1177 de
693 1121 1011 1177 antistitibus
1035 1123 1309 1179 sacrorum
1336 1141 1418 1179 ca-

129 1198 247 1268 pit,
295 1196 353 1248 &
400 1210 667 1266 praeterea
712 1194 1021 1251 mendosum
1061 1193 1163 1252 esse
1198 1197 1419 1268 suspica-

131 1287 235 1324 tur.
311 1268 459 1322 Idem
484 1287 617 1323 vero
647 1266 946 1341 Dionysius
984 1270 1073 1324 lib.
1098 1271 1172 1324 V.
1207 1288 1323 1341 cap.
1371 1288 1421 1325 1.

128 1343 336 1417 Regem
370 1343 641 1397 sacrorum
668 1359 699 1395 e
727 1341 1021 1397 senioribus
1049 1356 1291 1398 creatum
1315 1342 1421 1401 esse

131 1417 328 1480 tradit,
370 1415 426 1469 ἃς
467 1415 773 1471 recentiore
808 1429 1054 1486 tempore
1094 1415 1287 1470 Livius
1323 1418 1414 1472 lib.

128 1491 348 1547 XXIX.
381 1507 496 1561 cap.
534 1488 624 1546 fin.
652 1489 864 1560 prodit:
906 1491 972 1544 In
1006 1491 1093 1545 M.
1147 1489 1421 1564 Pomponii

127 1564 405 1620 ,Mathonis
427 1566 642 1635 auguris
668 1561 742 1630 &²
762 1564 1066 1619 Decemviri
1093 1564 1249 1620 locum
1273 1581 1418 1621 crea-

128 1642 206 1702 ti,
247 1639 535 1692 Decemvir
573 1636 658 1689 M.
699 1639 953 1693 Aurelius
994 1639 1180 1702 Cotta,
1243 1655 1418 1709 augur

132 1711 246 1766 Tib.
300 1713 628 1783 Sempronius
671 1711 945 1766 Gracchus
983 1711 1257 1766 admodum
1292 1712 1418 1768 ado-

128 1784 305 1857 lescens
324 1823 341 1849 ‚
382 1786 519 1856 quod
540 1795 648 1840 tum
681 1793 972 1855 perrarum
1014 1787 1068 1840 in
1108 1783 1417 1842 mandandis

108 1858 428 1932 sacerdotiis
441 1869 581 1914 erat.
619 1853 719 1912 Ait
742 1870 850 1915 tum
864 1896 883 1926 2
899 1857 1067 1915 stante
1083 1858 1335 1913 nimirum
1349 1858 1418 1915 se-

127 1935 341 1987 veriore
356 1932 728 1987 Romanorum
743 1933 1013 2004 disciplina
1028 1952 1044 2002 3
1082 1931 1267 2003 postea
1282 1950 1418 1988 vero

125 2005 418 2060 sacerdotia
446 2005 727 2074 iuvenibus
758 2007 919 2062 etiam
947 2006 1418 2073 mandatascimu2‚

127 2097 228 2134 nee
243 2098 478 2152 unquam
491 2081 713 2152 petendi
737 2079 1017 2137 sacerdotii
1034 2096 1280 2153 tempora
1293 2118 1312 2147 ,
1327 2089 1418 2153 pei

126 2153 279 2207 rinde
311 2173 372 2209 ac
400 2153 847 2228 Magistratuum,
886 2154 1106 2210 definita
1118 2172 1205 2211 me
1234 2153 1417 2230 legiffe

126 2227 401 2283 succurrit.
474 2227 648 2283 Mitto
683 2247 883 2302 pueros
926 2230 1186 2302 patrimos
1223 2229 1281 2284 &
1305 2247 1416 2284 ma-

130 2302 353 2368 trim03‚
394 2304 486 2372 qui
529 2302 682 2357 sacris
735 2303 1043 2374 quibusdam
1093 2302 1413 2360 adhibeban‘¹⁸

129 2389 217 2432 tur
226 2393 247 2441 3
287 2390 342 2432 at
370 2377 444 2446 Q
459 2376 648 2436 Fabius
663 2375 937 2436 Maximus
966 2388 1140 2453 augur
1159 2392 1412 2504 mortuuss

1336 2465 1365 2507 e
