1641 2784
269 183 275 188 '
355 180 450 221 ET
503 145 1074 229 FREQUENTHu
1307 194 1357 233 99

67 279 268 343 latum,
308 277 450 331 inter
487 271 908 341 Pembrockiana
933 274 1141 330 clmelia
1179 275 1356 333 obser-

70 353 222 408 vavit
272 347 622 422 Spanhemius
676 342 807 400 Diff-
839 345 922 426 ¹X.
974 366 1096 420 pag.
1145 364 1261 419 157.
1300 350 1359 405 δε

71 425 129 480 Ρ.
163 424 404 479 Cornelii
434 419 698 491 Scipionis
726 416 935 472 Nahcae
961 424 1170 476 vultum
1194 423 1362 478 inter-

72 513 315 570 pretatus
343 495 427 550 est.
465 491 593 567 Joh.
631 490 801 546 Faber
822 505 1036 557 autem,
1076 495 1142 549 ad
1171 496 1354 553 illustr.

72 573 231 642 imag.
248 564 454 632 Ursini,
480 583 665 620 curam
691 564 944 620 ludorum
967 564 1358 638 Megalenfium

73 644 276 700 bovino
322 654 495 711 capite
548 637 812 713 defignari
863 653 1058 709 putat,
1124 658 1360 711 quorum

73 716 403 772 edendorum
449 711 642 767 Nafica
679 710 878 779 laustor
903 711 1068 766 fuerit
1098 712 1161 767 C.
1201 717 1361 772 Vale„

74 792 157 845 rio
187 793 237 840 &
264 786 325 842 C.
369 786 557 842 Sextio
602 784 875 841 AEdilibus
918 784 1080 841 Urbis
1120 787 1360 858 plebejis.

74 865 280 918 Verum
305 878 427 914 cum
452 862 633 916 omnia
656 861 745 915 illa
769 859 911 915 haud
935 859 1132 916 idonea
1153 859 1259 916 fide
1282 863 1363 918 ni-

70 949 286 999 tantur,
329 936 385 988 &
424 949 613 990 eontra
650 934 850 989 Plinius
886 933 976 989 lib.
1020 934 1114 991 III.
1156 953 1270 1008 cap.
1311 953 1360 1006 3,

71 1009 484 1082 Calaguritanos
512 1010 761 1073 Nafi·icos
785 1008 1198 1082 cognominatos
1233 1027 1364 1081 pro-

69 1080 196 1148 dat,
237 1076 554 1137 Ambrosius
597 1083 759 1139 etiam
784 1080 1027 1137 Mor-ales
1069 1102 1138 1138 ex
1176 1099 1365 1140 vetere

69 1155 414 1226 inscriptione
456 1155 652 1214 MVN,
695 1150 1158 1214 CALAGVRIS.
1199 1157 1362 1231 JVL.

71 1225 408 1285 NASCICA
442 1229 498 1283 id
524 1228 846 1292 firmaverit,
891 1230 1069 1285 malim
1084 1248 1364 1287 nummum

70 1301 227 1358 istum
256 1303 319 1358 ab
347 1301 617 1359 AEdflibus
645 1304 785 1359 illius
822 1299 1136 1376 municipii,
1175 1307 1366 1361 velco-

70 1377 269 1443 loniae‚
307 1378 363 1431 in
405 1396 564 1450 quam
607 1377 858 1450 deinceps
900 1377 1218 1433 conversum
1256 1377 1365 1445 est,

70 1453 254 1505 cusum
295 1450 427 1507 effe:
496 1451 765 1522 praeclaris
813 1451 956 1507 enim
1010 1451 1234 1507 urbibus
1276 1452 1367 1508 illa

72 1522 339 1599 signandae
374 1539 608 1579 monetae
631 1525 853 1581 fac-ultas
874 1562 894 1589 ,
932 1525 1258 1597 indulgentia
1282 1526 1369 1581 vel

67 1600 314 1674 permzffu
354 1594 755 1672 Augustorum,
808 1596 892 1653 uti
931 1616 1114 1653 earum
1162 1599 1368 1653 nummi

75 1674 219 1745 apud
248 1671 532 1743 Spanhem.
556 1685 684 1725 tom.
717 1671 783 1727 11.
813 1689 937 1743 pag.
965 1671 1078 1741 169.
1098 1670 1370 1737 indicant,

74 1745 319 1802 conceffa
346 1762 439 1799 aut
463 1743 648 1801 reIiCta
676 1745 795 1800 fuit.
875 1742 1062 1817 Atque
1094 1745 1237 1801 idem
1265 1746 1369 1818 pla-

75 1835 164 1876 cet
206 1819 287 1873 Cl.
335 1815 690 1893 &Veffelingio
729 1818 818 1874 lib.
858 1819 897 1874 Ι.
945 1817 1070 1873 Obs.
1115 1837 1231 1891 cap.
1279 1833 1362 1887 252

76 1898 173 1965 qui
200 1891 257 1946 <Sc
285 1891 445 1946 alium
477 1892 754 1966 Calaguris
787 1909 1066 1947 nummum
1091 1892 1158 1947 ad
1184 1891 1369 1948 AEdi-

77 1969 153 2023 les
187 1970 296 2034 ejus
326 1967 507 2020 refert.
585 1966 706 2037 Ego
739 1965 962 2032 addam,
1002 1965 1150 2037 quod
1185 1966 1240 2021 in
1279 1985 1367 2021 ea-

77 2040 200 2097 dem
215 2040 495 2112 provincia
512 2038 818 2095 Celtiberiae
839 2040 1101 2111 oppidum
1127 2039 1184 2095 ὅτ.
1198 2040 1371 2094 muni-

78 2115 280 2186 cipium
309 2112 536 2170 Turiaso
553 2150 572 2178 ,
614 2114 884 2179 Quintum
902 2115 1107 2168 Varum
1127 2113 1181 2167 δε
1199 2114 1371 2181 Quin-

83 2203 195 2243 tum
225 2188 527 2249 Plancium,
571 2203 684 2241 tum
712 2187 872 2242 etiam
899 2186 1126 2243 Re&um
1158 2186 1215 2242 &
1252 2187 1372 2244 Ma-

81 2263 292 2318 crinum
321 2258 549 2316 Amnes
568 2259 785 2326 habuit,
826 2263 915 2333 qui
941 2280 1187 2317 nummos
1214 2262 1371 2319 hosce

84 2336 316 2393 minimae
345 2336 534 2393 formae
553 2372 570 2401 ,
610 2335 673 2391 ad
706 2335 968 2407 Principis
998 2335 1240 2394 favorem
1285 2355 1368 2392 ca-

721 2407 777 2464 G
818 2426 846 2462 2
1227 2423 1376 2480 ptam
