1641 2784
218 132 1196 185 CHR18T1AN15AEDIL'ITATEMaoe.
1313 146 1385 196 237

103 239 349 315 neglecto
375 236 590 295 interim
615 242 748 290 vero
783 237 942 292 unius
966 239 1076 295 Dei
1101 239 1264 295 cultu.
1304 237 1388 296 ln-

101 317 262 372 clinat
299 314 459 369 etiam
493 309 689 366 horum
727 311 933 365 animus
975 312 1032 367 in
1069 314 1299 386 magiam
1332 318 1388 367 δε

103 389 489 444 divinationes:
530 381 881 455 quamobrem
917 399 1150 459 augures
1180 389 1388 442 futuro-

100 480 255 527 rum,
297 461 354 516 &
381 456 990 528 arioligpraeteritorum,
1041 477 1159 530 quae
1204 460 1392 516 huma-

103 537 248 591 nitus
274 534 392 590 sciri
415 547 526 586 non
569 526 819 600 poffunt‚
859 530 1052 585 Plauto
1081 534 1138 585 in
1159 528 1389 606 Amphi-

103 626 303 664 truone
331 602 672 678 ficperstitiofi
710 601 995 674 dicuntur..
1052 603 1282 662 Rectum
1321 607 1390 663 de

103 681 209 739 hoc
224 679 481 735 mentium
506 676 861 732 humanarum
881 675 1119 732 ludibrio
1131 680 1393 748 judicium

105 755 183 813 est
209 756 423 810 Senecae
451 751 552 823 Ep.
588 767 705 821 123.
735 750 1043 824 Superstitio
1075 751 1278 825 insanus
1306 772 1394 810 er-

105 846 206 890 ror
234 825 333 893 est,
373 825 616 881 amandos
643 828 825 891 timet,
877 841 997 898 quos
1031 827 1160 882 colit
1201 829 1391 884 violat.

104 900 252 972 ¹Quid
274 903 406 955 enim
441 896 659 969 interfl,
697 909 877 955 utrum
912 900 1059 954 Deos
1098 917 1283 970 neges,
1321 919 1392 957 an

104 973 360 1048 infames?
421 973 578 1045 Saepe
628 989 805 1027 tamen
843 973 960 1028 haec
997 973 1108 1044 ipsa
1142 973 1393 1045 impietas

105 1048 322 1121 pietatis
350 1047 582 1121 imagine
622 1045 672 1101 se
725 1044 1093 1104 commendat:
1134 1047 1276 1103 unde
1315 1049 1397 1103 in-

104 1121 390 1178 doctorum
407 1159 425 1186 ,
466 1137 640 1191 neque
653 1120 867 1191 penitus
891 1121 1268 1192 improborum
1295 1121 1396 1178 ho-

104 1197 309 1252 minum
330 1195 396 1248 de
420 1194 547 1248 Deo
584 1193 785 1259 sensus,
826 1193 896 1250 ob
928 1210 1219 1252 tremorem
1235 1215 1396 1269 quen-

108 1271 231 1325 dam
259 1268 427 1323 cultui
454 1269 814 1339 permixtum,
856 1269 925 1324 ob
965 1270 1290 1325 anxietatem
1337 1271 1396 1325 Sc

105 1342 493 1398 solicitudinem
517 1341 710 1409 animi,
740 1341 1040 1415 stiperstitio
1068 1343 1210 1415 apud
1248 1344 1398 1399 Cice-

108 1434 331 1482 ronem,
372 1414 430 1470 &
455 1419 735 1479 δεισιδαιμονία
761 1418 905 1488 apud
939 1415 1393 1489 Xenophontem,

106 1490 420 1547 Diodorum
451 1489 721 1558 Siculum,
760 1487 1105 1546 Plutarchum
1128 1491 1185 1545 &
1220 1491 1395 1547 Athe-

106 1583 283 1619 naeum
310 1577 551 1633 vocatur.
630 1565 775 1620 Hinc
808 1564 957 1618 Beza
997 1576 1395 1634 δωσιδωμονεςέρες,

107 1638 251 1710 apud
291 1636 496 1691 Lucam
521 1639 576 1691 in
613 1633 797 1703 Actis³
851 1636 1018 1691 vertit
1055 1638 1397 1711 religiosiores

109 1730 226 1782 cap.
275 1724 353 1779 17.
401 1709 469 1764 vs.
517 1729 599 1764 22.
641 1711 735 1766 ubi
777 1711 1011 1777 Rarius,
1068 1711 1298 1766 Grotius
1338 1713 1397 1766 &t

107 1786 339 1840 Pricaeus
385 1783 683 1839 videantur.
761 1785 834 1838 Et
870 1784 988 1839 sane
1027 1799 1090 1840 ut
1126 1783 1396 1840 hebetissi-

110 1877 227 1913 mus
258 1857 476 1928 quisque
507 1857 612 1924 est,
650 1860 726 1913 ita
766 1857 1199 1929 superstitionum
1248 1858 1394 1913 vani-

111 1933 311 1987 tatibus
372 1931 616 1986 facillime
672 1934 1024 2003 mancipatur.
1102 1933 1189 1987 Sic
1251 1933 1395 1988 leves

109 2005 389 2061 hominum
406 2006 608 2060 animos
633 2004 1004 2074 superstitione
1028 2008 1258 2062 numinis
1290 2023 1396 2061 ter-

112 2080 253 2145 reri,
272 2079 448 2132 scribit
478 2078 833 2146 ModestinUS,
860 2081 915 2135 in
943 2081 977 2135 l.
1010 2099 1091 2151 30.
1118 2084 1190 2136 D.
1217 2081 1275 2137 de
1295 2091 1398 2154 ρας-

111 2157 203 2210 m's.
280 2153 594 2209 Plutarchus
625 2172 858 2225 pronum
893 2169 1085 2209 natura
1111 2155 1175 2210 ad
1215 2155 1395 2226 super-

114 2227 381 2282 stitionem
401 2245 560 2300 genus
586 2228 921 2284 barbaricum
936 2244 1111 2285 vocat.
1150 2229 1394 2296 Curtius,

117 2301 288 2356 Nulla
322 2318 437 2366 res,
476 2303 651 2373 inquit
666 2341 684 2367 ,
725 2301 977 2372 efficacius
1016 2304 1396 2360 multitudinem

117 2378 293 2447 regit,
330 2374 806 2449 quarnsuperstitio.
844 2378 879 2432 l.
907 2378 1005 2435 IV.
1027 2395 1142 2451 cap.
1178 2395 1256 2433 10.
1275 2376 1397 2449 Jam

1243 2467 1400 2507 vero-
