1641 2784
453 120 1079 171 CAP.v11.DEJUDAEIS
1108 122 1189 170 ET

200 224 423 286 racana,
487 219 614 273 dum
662 215 779 272 haec
814 216 1106 284 scribebat,
1148 218 1363 292 gesserit
1406 226 1495 280 Ul·

200 300 421 369 pisinus,
463 309 573 347 non
620 289 738 346 satis
775 292 960 362 liquet.
1042 292 1314 348 Obscurus
1354 301 1493 353 enim

200 369 274 425 est
303 366 617 438 Spartianus
647 365 702 419 in
745 366 1030 422 Pescennio
1071 367 1250 441 Nigro
1284 387 1400 441 cap.
1441 387 1492 439 7.

196 461 297 498 nec
324 440 486 495 habet
502 438 844 510 Lampridius
869 478 887 507 ,
927 441 1020 496 ubi
1038 440 1229 513 pedem
1257 441 1493 515 figat,in

197 518 311 572 vita
363 508 675 569 Alexandri.
727 533 841 586 cap.
892 517 975 571 26.
1032 513 1185 570 Alius
1234 518 1352 570 sane
1391 518 1494 571 fuit

199 590 416 661 Opilius
445 588 703 659 Ulpianus
727 627 744 654 ,
787 604 915 644 tunc
940 588 1180 662 Legatus
1206 592 1261 644 in
1291 593 1324 645 l.
1359 608 1400 645 1.
1437 593 1490 648 C.

197 662 406 737 desem.
432 660 560 736 paſj]
598 661 798 717 Noster
827 663 1061 719 Praetori
1097 665 1316 719 Urbano
1346 683 1490 719 nunc

197 738 482 802 assidebat,
534 736 626 808 qui
675 737 804 791 vivo
847 737 1177 807 Papinia110‚
1235 740 1391 793 etiam
1435 739 1492 793 in

191 810 438 868 Praefeffi
453 810 715 880 praetorio
745 806 1023 866 consilium
1040 813 1217 866 fuerat
1233 811 1484 877 adscitus,

197 887 229 941 l.
258 903 310 956 9.
338 894 393 951 §-
424 904 470 956 3.
498 887 577 937 ‘D
605 885 737 957 quod
770 895 887 940 met.
929 883 1060 959 caus.
1101 887 1134 940 l.
1178 904 1262 954 40.
1316 889 1394 939 Ἰ).
1435 887 1492 940 de

195 961 308 1016 reb.
351 960 485 1016 cred.
525 958 774 1014 Fortaffis
805 959 965 1012 etiam
1002 962 1056 1013 in
1085 957 1358 1023 alseffura,
1402 960 1493 1013 ali-

195 1053 302 1089 ove
328 1034 502 1088 aulico
530 1051 753 1088 munere
784 1033 850 1087 ad
877 1032 1292 1106 Heliogabalum
1326 1033 1488 1102 usque

196 1107 473 1180 perstitit,
527 1108 619 1178 qui
670 1125 791 1161 eum
834 1105 1070 1161 removit
1098 1145 1116 1172 ,
1170 1106 1489 1176 Lampridio

195 1181 433 1237 autiore.
515 1181 790 1252 Quicquid
819 1185 929 1247 ejus
958 1180 1061 1245 est,
1103 1182 1363 1251 Ulpianus·
1404 1182 1491 1234 vel

196 1256 415 1327 privato
440 1254 495 1308 in
523 1255 705 1308 limine
733 1271 1030 1325 perpetuus
1055 1255 1246 1325 populi
1280 1254 1494 1308 Praetor

196 1344 344 1394 erat,
386 1332 439 1381 &
469 1326 534 1382 ab
563 1327 836 1399 Eutropio
859 1329 1001 1399 juris
1029 1330 1270 1383 conditor
1310 1329 1490 1398 appel-

196 1404 339 1458 latur
378 1401 466 1457 lib.
523 1407 571 1458 8.
617 1400 707 1456 fin.
758 1400 996 1475 Egregia
1032 1418 1211 1457 autem
1261 1401 1491 1457 docendi

195 1475 485 1533 methodus
515 1474 573 1529 δε
598 1474 734 1530 ordo
770 1476 835 1530 ad
860 1476 1069 1530 laudem
1108 1475 1325 1548 Ulpiani
1361 1493 1490 1547 pro-

195 1553 369 1622 priam
397 1548 637 1619 pertinet
676 1549 954 1620 inprimis3
994 1549 1126 1604 nihil
1169 1553 1282 1620 ejus
1322 1549 1485 1603 inter-

195 1623 504 1697 pretatione
531 1622 605 1676 est
646 1623 976 1695 elegantiUS‚
1018 1638 1111 1677 aut
1152 1623 1487 1695 prudentius.

196 1695 669 1764 Quemadmodum
701 1698 836 1763 alia,
874 1693 947 1752 fic
973 1694 1211 1752 diffusam
1238 1698 1379 1753 illam
1424 1696 1489 1750 de

198 1771 380 1829 officio
423 1772 636 1826 Procol.
662 1770 941 1827 materiam
976 1772 1032 1825 in
1056 1771 1223 1827 libros
1268 1770 1486 1835 decem,

194 1845 294 1903 hos
325 1849 380 1903 in
405 1848 585 1918 plures
614 1845 800 1901 titulos
828 1845 1080 1900 distinxit.
1153 1846 1215 1900 In
1233 1844 1490 1900 Collatio=

194 1939 262 1977 ne
290 1921 410 1978 LL.
453 1919 671 1975 Mosaie.
713 1919 770 1974 &
808 1919 966 1975 Rom.
1010 1920 1090 1976 tit.
1139 1937 1183 1974 1.
1239 1921 1489 1992 Ulpianus

196 1996 283 2051 lib.
311 2010 361 2066 7.
403 1997 464 2051 de
494 1993 668 2066 Officio
710 1993 914 2069 Proccffi
934 1992 1036 2069 sub
1074 1995 1226 2050 titulo
1265 1994 1327 2049 de
1358 1993 1484 2066 ficas

196 2072 330 2126 riis:
368 2070 546 2124 rursus
578 2068 658 2123 tit.
700 2086 746 2139 3.
781 2071 1041 2142 Ulpianus
1073 2069 1147 2124 lib
1191 2082 1241 2138 7.
1282 2067 1339 2123 de
1366 2063 1484 2136 offic.

196 2143 353 2199 Proc.
374 2143 474 2217 sub
500 2143 655 2201 titulo
682 2146 744 2199 de
783 2146 1097 2200 dominorum
1116 2141 1364 2215 saevitia:
1405 2138 1485 2192 tit.

198 2230 250 2285 7.
300 2219 419 2288 Ulp.
459 2219 545 2274 lib.
587 2224 634 2276 8.
676 2218 734 2274 de
775 2217 881 2292 Off
914 2229 1061 2292 proc.
1085 2217 1184 2291 sub
1233 2214 1383 2270 titulo
1426 2213 1484 2292 de

195 2290 427 2360 furibuS,
470 2292 526 2345 &
547 2292 733 2362 passim
760 2293 896 2350 alibi.
971 2292 1225 2347 Duorum
1259 2304 1393 2342 vero
1424 2299 1488 2338 t1==

202 2367 442 2427 tulorum
463 2365 685 2440 vestigia
711 2367 802 2446 lib.
827 2367 923 2425 ΙΙΙ.
950 2384 1021 2440 ex
1048 2382 1158 2439 quo
1180 2365 1270 2421 lex
1307 2358 1487 2491 ηοζὲιξι
