1641 2784
392 138 716 184 GENERA
767 136 1215 182 Paor0N1T:
1371 151 1447 190 2⁷9

136 255 198 293 ca
243 236 489 293 Romana
534 248 714 291 annuo
767 234 999 303 imperio
1050 232 1445 290 administraba-

135 327 256 373 tur,
297 309 369 367 fic
400 311 456 366 δε
483 311 540 364 in
568 305 796 363 coloniis
835 306 894 359 δε
928 308 1232 380 municipiis
1270 307 1445 383 Magi-

132 383 326 440 stratus
355 383 522 439 annui
545 382 782 436 fuerunt.
824 379 1017 433 Paulus
1044 381 1101 434 in
1135 383 1167 436 l.
1202 396 1287 452 35.
1316 389 1371 446 §.
1398 399 1446 436 1.

131 458 203 510 D.
246 459 306 513 de
350 457 563 527 obligat.
614 452 939 522 Papinianus
983 452 1039 506 in
1068 455 1102 510 l.
1142 472 1221 525 13.
1251 457 1326 510 D.
1369 456 1446 511 ad

134 532 445 603 mmzicipal.
497 527 554 581 δε
586 523 968 580 Constantinus
1009 526 1066 578 in
1104 527 1140 580 l.
1175 534 1256 585 18.
1301 531 1353 584 C.
1383 529 1444 585 de

138 606 314 660 (iecur.
380 602 474 658 ubi
505 616 672 656 onera
709 597 1118 672 magistratuum
1172 601 1302 675 fuga
1355 602 1439 658 de-

133 678 397 732 clinantes
449 675 1009 746 duplicatotempore
1058 672 1331 729 biennium
1376 696 1439 731 ea

135 750 315 805 subire
356 750 526 822 cogit.
607 744 873 801 Martialis
916 764 1124 801 annuos
1159 745 1437 804 Narbonis

131 824 360 877 coloniae
392 822 554 876 fasces
584 820 768 876 laudat
802 820 891 876 lib.
928 821 1080 874 VIII.
1127 838 1211 891 ep.
1254 837 1338 888 72.
1380 823 1438 878 &

131 895 387 969 Synodus
413 895 738 951 Illiberitana
771 911 882 948 can.
926 895 1008 963 56.
1049 893 1436 965 Magistratmn

124 987 219 1024 uno
254 986 385 1024 anno
417 1008 436 1033 ‚
491 985 587 1042 quo
623 971 743 1039 agit
787 969 1210 1033 duumviratum,
1248 970 1431 1039 prohi-

128 1042 343 1098 bendum
368 1045 606 1115 placuit,
646 1041 780 1113 utse
804 1042 873 1096 ab
906 1042 1132 1114 Ecclesia
1159 1041 1433 1111 abstineat.

128 1116 216 1170 Sic
249 1116 464 1170 Calvius
495 1114 702 1180 Pollio,
741 1116 798 1169 in
842 1114 1063 1170 decreto
1104 1117 1330 1169 Senatus
1359 1112 1439 1170 A·

126 1189 300 1258 quilej.
324 1188 468 1260 apud
483 1189 748 1244 Turrium
761 1206 887 1262 pag.
904 1205 1025 1258 349.
1041 1187 1263 1244 statuam
1281 1208 1439 1261 eque-

125 1261 281 1316 strem
310 1279 552 1320 auratam
578 1263 635 1317 in
657 1263 780 1317 foro
811 1264 1043 1328 meruit,
1087 1263 1231 1333 quod
1263 1282 1437 1334 prona

124 1350 479 1405 voluntate&
497 1349 858 1405 honestissimo
887 1351 1064 1405 animo
1083 1389 1099 1415 ,
1125 1353 1285 1405 'ultro
1314 1354 1435 1405 ΗΜ.

125 1419 507 1479 VIRATUM.
576 1425 611 1478 Ι.
677 1425 749 1478 D.
815 1424 912 1477 IN.
980 1424 1435 1479 PROXIMVM.

125 1491 437 1552 ANNVM.
483 1496 924 1552 PROFESSVS.
983 1497 1124 1552 SIT.
1201 1499 1433 1571 Elegans

125 1570 461 1642 denique-est
487 1571 763 1641 inscriptio
806 1570 969 1625 Grut.
1017 1586 1066 1639 27.
1118 1589 1242 1643 pag.
1307 1578 1427 1640 330.

127 1644 337 1698 CENS.
392 1645 511 1701 ET.
568 1638 1138 1699 DVOMVIRATV.
1206 1645 1427 1698 BENE.

127 1715 244 1769 ET.
287 1718 348 1770 E.
389 1717 543 1772 REP.
581 1713 821 1773 ACTO.
864 1716 1113 1772 ANNO.
1191 1717 1323 1772 Non
1364 1718 1430 1772 ab

129 1807 185 1841 re
224 1790 440 1858 quidem
479 1792 553 1845 ait:
581 1791 888 1847 Livius-lib.
920 1809 1008 1860 41.
1056 1810 1169 1860 cap.
1204 1807 1284 1859 ῖς.
1338 1793 1434 1846 In-

127 1867 392 1935 terrunzpi
429 1874 657 1920 tenorem
694 1883 875 1920 reram
897 1903 912 1927 ,
955 1868 1009 1919 in
1050 1865 1228 1936 quibus
1277 1875 1431 1936 pera-

119 1937 303 2004 gendis
330 1941 653 1993 continuatio
681 1938 1006 2011 efficaciffima
1031 1937 1179 2008 efflet,
1222 1936 1430 1994 minime

125 2014 436 2072 convenire5
463 2014 603 2065 inter
642 2012 981 2067 traditionem
1028 2015 1239 2082 imperii
1286 2016 1430 2067 novi-

119 2091 379 2154 tatemque
401 2082 701 2155 ‘liicceJJbris
730 2123 747 2149 ,
786 2101 896 2157 qitae
934 2083 1189 2155 noscendis
1238 2089 1385 2158 prius
1409 2125 1427 2150 ,

122 2171 274 2226 quam
302 2157 510 2226 agendis
545 2157 700 2212 rebus
734 2158 1006 2213 imbuenda
1042 2160 1147 2230 fit,
1179 2158 1320 2234 saepe
1347 2159 1430 2214 be-

120 2245 181 2283 ne
208 2230 452 2300 gerendae
479 2234 562 2285 rei
588 2233 857 2305 occafiones
886 2232 1220 2289 intercidere.
1285 2232 1425 2288 Gra—

119 2302 262 2357 viter
317 2304 478 2356 etiam
529 2322 633 2375 pro
699 2305 1106 2360 continuatione
1155 2305 1426 2380 magistra·

120 2389 272 2434 tuum
320 2373 519 2433 diss'erit
561 2377 816 2499 isocratgs
866 2379 922 2433 in
970 2378 1259 2445 oratione,
1303 2399 1420 2451 quae

826 2465 856 2513 4
1352 2470 1419 2500 >2⁶—
