1641 2784
235 135 303 172 442
366 119 495 159 CAP.
522 113 642 154 XIII.
670 112 751 153 DE
776 111 1284 164 JURISDICTIONE
1310 119 1394 162 ET

229 234 344 272 tum
370 209 679 282 muniCIpiis
707 211 863 276 data,
903 209 1127 266 austore
1153 211 1323 268 Paulo
1343 215 1433 270 lib.
1452 217 1520 272 ΙΙ

209 293 349 363 sent.
379 289 469 342 tit.
514 298 599 353 25.
653 286 822 360 Apud
855 282 1192 356 magistratus
1239 286 1523 360 municipa-

228 365 299 418 les
315 398 331 426 3.
356 360 407 433 fi
431 358 659 415 habeant
700 362 831 431 legis
869 358 1150 425 amonem,
1198 364 1520 432 emancipari

228 434 304 504 ἐξ
341 436 642 489 manumitti
663 432 843 507 potest.
921 433 1068 487 Hinc
1107 433 1266 487 etiam
1294 434 1350 487 in
1393 433 1523 489 saxis
1604 473 1608 477 -

229 506 447 564 vetustis
502 506 688 562 millies
758 506 958 563 lIVIR.
1030 506 1178 560 IVR.
1233 507 1383 562 DIC.
1438 509 1526 564 vel

229 575 484 638 PRAEF.
538 580 699 655 JVR.
754 580 906 636 DIC.
947 580 1032 634 vel
1072 580 1327 636 IIIIVIR.
1371 581 1409 635 I.
1449 581 1524 637 D.

231 655 504 720 occurrit,
574 654 632 708 Sc
689 655 746 709 in
791 652 1136 723 Cenotaphio
1200 654 1384 708 Pisano
1429 654 1532 710 Ca-

228 728 667 867 {ssizfflffigsst
694 726 1525 868 Effi}}ssffl{{2v{·f²ffl}j

232 870 483 944 QVAM.
515 875 673 930 IVRI
699 872 1067 931 DICVNDO
1100 869 1522 930 PRAEERAT.

229 950 381 1005 Num
408 967 539 1004 vero
573 948 779 1004 AEdiles
818 953 898 1017 jus
937 947 1205 1012 dixerint,
1259 947 1525 1003 dubitavit

232 1023 485 1096 Sigonius
514 1021 601 1076 lib.
633 1023 697 1076 ΙΙ.
732 1023 795 1077 de
816 1022 976 1093 antiq.
1008 1025 1124 1090 jure
1156 1022 1270 1075 Ital.
1289 1040 1402 1093 cap.
1437 1039 1518 1076 11.

232 1097 395 1166 Quis,
434 1096 641 1167 lnquit,
681 1097 758 1165 jus
783 1097 943 1153 dicit?
986 1096 1227 1150 AEdilis?
1263 1112 1360 1151 uon
1386 1095 1530 1150 vide-

234 1182 361 1230 tur:
424 1169 571 1240 quod
611 1172 809 1224 nollem
862 1166 1134 1223 excidilset
1176 1183 1327 1222 tanto
1372 1168 1521 1222 viro!

231 1243 502 1309 Quorsum.
531 1243 670 1294 enim
699 1243 892 1295 aedium
910 1242 1271 1310 privatarum,
1311 1241 1522 1296 balnea-

233 1334 353 1370 rum
381 1314 437 1367 ὗε
463 1314 669 1367 viarum
714 1315 776 1368 iis
824 1313 1074 1366 mandata
1115 1332 1273 1378 cura,
1328 1314 1423 1367 nist
1462 1329 1524 1368 ut

233 1385 624 1444 controverfias
657 1386 725 1442 de
762 1384 843 1441 his
884 1387 1028 1440 inter
1065 1386 1207 1440 cives
1252 1403 1396 1441 ortas
1437 1387 1525 1442 de-

235 1461 506 1517 ciderent?
548 1461 797 1531 quorsum
824 1478 1084 1524 annonae,
1133 1460 1238 1514 sori
1279 1460 1336 1512 δε
1381 1479 1526 1514 men-

236 1536 474 1590 surarum
530 1535 594 1587 iis
638 1534 761 1588 data
805 1533 1099 1605 inspefflQ
1153 1529 1249 1587 nifi
1288 1549 1349 1586 ut
1386 1534 1527 1588 inter

237 1624 475 1664 ementes
517 1607 574 1661 δε
614 1607 909 1663 vendentes
948 1611 1028 1675 jus
1079 1606 1348 1661 dicerent?
1408 1606 1529 1662 Nec

237 1682 418 1737 verbis
456 1700 593 1752 opus
624 1680 711 1735 est.
787 1681 1037 1751 Vidimus
1078 1685 1180 1747 jam
1223 1681 1379 1751 supra
1405 1717 1422 1744 ,
1464 1681 1527 1733 C.

235 1755 441 1828 Julium
467 1755 668 1810 Rufum
695 1749 873 1809 AED.
906 1755 1024 1810 IIII.
1052 1755 1200 1808 VIR.
1231 1755 1357 1808 LD.
1386 1753 1528 1807 MV-

236 1829 483 1885 NICIPI.
519 1821 824 1883 ALETRI.
869 1828 926 1882 δε
965 1847 1031 1882 ex
1069 1828 1170 1882 alio
1202 1827 1376 1898 lapide
1413 1844 1526 1881 rnu-

237 1903 422 1974 nieipii
453 1903 610 1957 Caere
630 1894 669 1967 ,⁹
690 1902 752 1958 C.
782 1902 1104 1957 Suetonium
1136 1895 1390 1956 AEDIL.
1424 1901 1527 1955 IV-

237 1976 328 2031 RI.
357 1975 743 2047 DICVNDO.
785 1972 940 2032 Alius
965 1975 1108 2047 apud
1144 1975 1377 2031 Fabrett.
1409 1990 1521 2044 cap.

245 2067 327 2104 Ix.
357 2069 406 2104 n.
441 2068 556 2121 132.
600 2051 913 2106 nominatur
950 2042 1134 2105 AED:
1156 2049 1272 2103 IIII.
1309 2047 1453 2103 VIR.
1482 2045 1523 2098 Ι.

239 2122 313 2178 D.
342 2124 398 2178 δε
425 2123 568 2196 apud
597 2125 900 2180 Gruterum
952 2143 994 2179 1.
1032 2141 1154 2195 pag.
1189 2124 1310 2192 388.
1348 2115 1526 2175 AED-

239 2195 308 2277 ῌ.
346 2198 493 2253 VIR.
524 2199 671 2254 IVR.
698 2200 786 2269 D.
825 2196 1252 2255 TERGESTE.
1293 2194 1526 2269 Juvena-

241 2271 304 2323 hs
331 2271 460 2325 item
485 2273 594 2327 Sat.
622 2273 694 2328 X.
727 2273 798 2327 vs.
844 2290 960 2330 101.
993 2271 1058 2326 de
1085 2269 1268 2327 AEdile
1306 2265 1526 2320 Ulubra-

241 2360 344 2402 no:
395 2346 473 2401 Et
510 2347 569 2404 de
607 2346 853 2422 mensuris
879 2349 972 2420 jus
992 2345 1195 2410 dicere,
1227 2358 1287 2398 ac
1323 2338 1523 2395 disertis

1402 2428 1522 2467 ver-
