1641 2784
455 111 554 151 ET
607 109 1107 155 ΜυΝῐειΡιῙε.
1376 131 1431 169 19-

142 228 240 267 nus
267 229 381 266 eam
410 224 506 280 per
527 207 898 275 municipatum
925 209 1154 280 explieat
1200 210 1290 266 lib.
1320 211 1414 266 ΙΠ.

143 286 260 340 adv,
301 283 562 337 Marcion.
606 295 719 347 cap.
762 295 846 346 24·
885 282 1153 351 Apostolus
1192 296 1419 340 matrem

142 358 362 428 nostram
380 354 578 429 sursum
614 351 876 420 dengnat3
932 354 1006 420 ἐξ
1032 360 1308 429 politeuma
1332 377 1420 414 no·

140 433 330 501 [ll-um,
382 430 441 484 jd
471 425 568 495 est,
620 426 987 495 municipatum
1038 434 1092 485 in
1144 435 1287 488 coelis
1324 432 1418 504 effe

142 507 510 578 pronuntians,
547 497 711 552 alicui
747 500 924 569 utique
957 504 1147 572 coelcsti
1195 510 1416 564 civitati

141 598 245 635 eum
273 580 501 648 deputat.
554 575 607 623 &
637 569 814 625 rursus
851 571 915 627 de
946 591 1149 631 corona
1177 597 1291 653 cap.
1332 597 1414 652 13.

144 652 248 708 Sed
269 661 325 704 tu
346 647 658 719 peregrinus
686 645 863 701 mundi
887 646 1067 718 hujus,
1089 653 1224 706 civis
1235 655 1418 726 ficper-

139 742 214 780 nae
237 720 513 791 Ierufizlem
528 757 547 785 ,
586 717 781 785 noster,
820 722 1024 792 inquit,
1068 728 1417 797 municipatus

138 801 192 853 in
229 797 372 850 coelis
408 792 495 859 esi.
569 791 826 847 Similiter
864 793 1238 871 Hieronymus
1277 799 1418 856 idem

137 865 385 940 Apostoli
414 866 734 923 vocabulum
761 866 818 921 in
843 867 1077 939 epistolis
1105 872 1224 942 plus
1261 872 1417 928 semel

136 945 301 998 vertit
319 981 335 1007 ,
391 958 452 996 ut
478 940 618 995 idem
641 939 860 1011 utrique
887 938 988 1002 esse
1012 943 1262 1000 videatur
1282 984 1302 1012 ,
1356 965 1419 1002 ac

136 1014 438 1081 lidixil's'et,
479 1015 652 1068 sumus
691 1015 987 1086 municipes
1040 1018 1273 1074 coelestes
1287 1056 1307 1085 ,
1361 1020 1420 1074 &

138 1107 200 1144 ut
233 1091 358 1143 tales
384 1107 481 1144 nos
509 1089 761 1161 gerimuS.
838 1090 1049 1146 Verum
1090 1091 1207 1148 CL.
1245 1093 1421 1149 Cleri-

136 1183 228 1218 cus
245 1202 262 1228 2
276 1163 330 1215 in
347 1162 487 1217 notis
513 1162 578 1216 ad
607 1162 1008 1219 Hammondum
1023 1164 1152 1221 adh.
1170 1168 1205 1220 l.
1221 1186 1416 1223 vocem

137 1240 480 1308 municipatus
505 1235 881 1306 adspernatur3
921 1240 1046 1310 quia
1087 1238 1417 1297 Christiano-

140 1330 253 1364 rum
285 1313 362 1377 jus
396 1310 712 1380 municipale
739 1308 892 1365 estin
935 1314 1121 1380 terris,
1160 1314 1247 1369 sed
1285 1315 1416 1371 civi·

138 1385 298 1438 tasin
338 1385 504 1445 coelo,
555 1385 833 1458 magisque
872 1400 1097 1461 πολίτευμω
1142 1388 1286 1442 idem
1327 1387 1418 1443 hic

137 1456 239 1513 ell'e
269 1473 456 1528 putat,
497 1457 642 1528 quod
676 1463 819 1523 πέλις,
858 1461 1017 1527 urbS,
1059 1462 1234 1534 patria
1290 1462 1416 1536 Ego

137 1531 355 1596 addam,
407 1532 552 1602 quod
594 1531 718 1586 urbs
753 1532 1161 1606 Philipporum,
1186 1535 1310 1591 inde
1348 1536 1415 1589 ab

137 1602 365 1678 Augusti
408 1606 769 1676 teinporibUS‚
821 1608 948 1670 juris
994 1609 1165 1663 Italici
1202 1609 1415 1664 colonia

139 1676 331 1743 suerit,
372 1680 452 1734 uti
475 1698 541 1734 ex
568 1676 691 1734 Aet.
727 1680 886 1736 XVI.
916 1679 985 1752 rus.
1026 1700 1105 1736 12.
1150 1682 1185 1736 l.
1218 1699 1302 1752 32.
1330 1682 1412 1735 D.

139 1754 211 1807 ad
236 1751 337 1809 Sil.
363 1755 516 1809 Treb.
547 1753 580 1806 l.
611 1753 660 1808 6.
690 1754 759 1807 D.
800 1754 860 1809 de
900 1754 1078 1828 cenfib.
1133 1755 1292 1810 etiam
1343 1773 1412 1811 ex

140 1826 364 1880 nummis
404 1831 456 1879 &
501 1827 760 1898 lapidibus
807 1828 1026 1883 constat.
1091 1828 1242 1885 Sicut:
1276 1846 1411 1902 ergo

139 1897 493 1971 Philippenses
518 1901 574 1955 in
598 1900 809 1956 colonia
835 1901 922 1954 sua
956 1900 1171 1972 quidem
1206 1900 1412 1959 habita-

139 1972 267 2026 bant
282 2012 300 2038 ,
339 1973 423 2030 sed
445 1975 671 2046 patriam
703 1991 1040 2030 communem
1065 1975 1292 2033 Romam
1318 1975 1411 2033 ha-

140 2045 365 2109 bebant,
421 2053 636 2121 ejusque
704 2049 849 2121 leges
893 2048 1277 2119 sequebantur,
1332 2049 1409 2106 ita

142 2137 357 2191 quoque
394 2120 583 2176 Paulus
630 2121 736 2187 ait,
788 2121 925 2193 iplos
965 2140 1074 2178 non
1102 2138 1313 2181 terrena
1336 2123 1410 2180 sa-

141 2211 269 2265 pere
284 2231 300 2258 ,
319 2194 401 2249 sed
419 2195 898 2251 coelestiameditari
924 2212 1214 2268 oportere,
1251 2214 1315 2254 ut
1338 2200 1411 2254 ci-

141 2285 234 2320 ves
263 2267 489 2322 coelestes
521 2267 685 2324 dccet.
761 2270 1047 2335 Ceterum,
1085 2287 1147 2326 ut:
1171 2273 1238 2329 ad
1264 2275 1411 2344 prio-

140 2358 202 2397 ra
245 2357 609 2411 revertamur,
658 2345 869 2473 multoIs3
905 2361 1127 2401 munera
1175 2349 1411 2476 petitltzim

907 2435 936 2472 2
1356 2437 1413 2475 0-
