1641 2784
273 141 317 184 18
520 132 1318 179 CAP.1.DECOLON118

276 233 544 311 poffidere
567 230 799 285 mallent.
873 229 1158 285 Docemur
1182 229 1289 287 hoc
1316 235 1561 292 oratione

280 308 524 370 Claudii,
556 320 675 374 quae
706 301 966 376 Lugduni
992 304 1087 358 aeri
1114 304 1296 361 incisa:
1346 311 1436 364 Et.
1466 319 1560 381 pa-

277 395 445 440 truus.
476 380 558 434 Ti.
594 374 800 452 Caesar.
816 394 1020 433 omnem.
1051 379 1243 441 florem.
1262 380 1458 453 ubique.
1483 400 1563 437 co-

278 459 558 512 loniarum.
599 468 679 506 ac.
709 453 1116 522 municipiorum.
1145 453 1562 527 b0770rmn.scili-

275 539 373 583 cet.
405 529 663 583 virorum.
691 535 759 580 et.
790 525 1112 596 locupletum.
1148 529 1218 581 in.
1248 527 1362 584 hac.
1381 530 1558 583 Curia.

274 604 385 669 effe.
414 601 598 657 voluit.
641 598 729 653 Sic
756 615 822 651 ex
856 598 1161 670 municipiis
1179 601 1342 654 Italiae
1364 639 1382 666 ,
1415 601 1561 672 quic-

276 674 406 747 quid
434 672 653 744 usquam
680 671 961 744 egregium
977 672 1081 726 fuit
1097 710 1114 738 >
1139 673 1193 727 in
1211 673 1414 729 Urbem
1434 692 1561 746 pro-

274 747 450 813 cessit,
489 762 552 801 ut
581 745 827 819 gentium
858 743 1223 799 Romanarum
1247 749 1565 819 appellatio-

272 824 386 886 nes³
417 840 446 875 a
480 820 660 892 patria
680 817 931 872 desumtae
949 855 968 884 >
983 816 1126 872 haud
1146 819 1364 875 obscure
1389 820 1560 876 osten-

274 895 428 950 dunt.
456 914 505 948 v.
545 910 624 966 gr.
676 890 913 946 Gabiuia
956 910 986 945 a
1015 890 1203 946 Gabiis
1223 931 1242 957 ,
1279 890 1467 949 Atinia
1490 894 1554 949 ab

257 967 434 1025 Atina
453 1005 470 1033 ,
502 965 715 1020 Saturia
741 984 771 1019 a
802 964 1029 1030 Satura,
1058 961 1300 1020 Aricinia
1338 966 1402 1021 ab
1432 965 1558 1022 Ari-

239 1096 241 1098 .
269 1043 353 1097 cia
368 1080 387 1107 ,
428 1040 486 1095 &
513 1040 628 1095 aliae
657 1037 800 1110 apud
814 1038 1140 1103 Reinefium‚
1177 1041 1232 1094 in
1260 1039 1559 1111 epistolaad

242 1114 577 1187 'Rupertum
622 1131 748 1187 pag.
788 1114 908 1183 236.
967 1112 1025 1166 δε
1063 1113 1409 1168 Perizonium
1448 1114 1558 1168 ani-

236 1188 443 1243 madv.
486 1186 602 1241 hist.
647 1205 762 1257 cap.
801 1204 844 1241 1.
887 1203 1215 1241 memoratae.
1292 1188 1556 1242 Italorum

268 1279 488 1333 quoque
508 1259 853 1316 honestissimi
869 1298 887 1326 ,
906 1274 1059 1315 extra
1083 1260 1285 1315 Urbem
1311 1259 1554 1315 habitan-

270 1351 349 1391 tes
375 1374 393 1401 ,
434 1334 669 1390 urbanos
713 1332 952 1389 honores
993 1333 1314 1406 sperabant,
1354 1339 1403 1387 &
1435 1338 1551 1402 jure

266 1407 507 1482 suffragii
551 1408 742 1463 Romae
789 1406 1132 1481 gaudebant,
1182 1405 1221 1460 fi
1259 1411 1338 1475 Jus
1370 1408 1554 1463 civita-

265 1483 333 1536 tis
364 1482 633 1555 optimum
669 1479 851 1552 adepti
877 1478 1057 1534 effent.
1101 1480 1275 1534 Caesar
1292 1480 1379 1534 lib.
1402 1482 1553 1535 VIII.

269 1555 337 1610 de
357 1556 427 1610 B.
459 1554 531 1610 G.
562 1573 606 1609 c.
654 1567 733 1623 5⁴0.
776 1556 1080 1625 Municipia
1110 1552 1183 1620 ἐξ
1213 1555 1432 1609 colonias
1457 1564 1552 1626 ap·

258 1631 497 1702 pellaret
516 1666 534 1692 ,
576 1627 755 1701 quibus
769 1629 855 1682 M.
874 1631 1123 1691 Antonii,
1142 1626 1427 1696 chaestoris
1440 1627 1546 1700 sui,

263 1703 651 1758 commendaret
658 1702 958 1774 sacerdotii
978 1704 1291 1772 petitionem.
1348 1702 1544 1755 Cicero

259 1776 349 1831 lib.
398 1794 440 1831 1.
472 1775 539 1830 ad
570 1767 688 1829 Att.
728 1792 810 1846 ep.
857 1793 900 1830 1.
940 1778 1004 1831 In
1026 1772 1303 1846 suffi·agiis
1331 1776 1547 1830 multum

236 1850 391 1921 jpoffe
423 1850 608 1905 Gallia
636 1847 900 1920 Cisalpina
926 1850 1159 1904 videtur.
1199 1847 1337 1902 Illud
1365 1863 1544 1903 autem

263 1941 374 1978 non
399 1925 575 1995 placet
600 1960 619 1988 ‚
675 1923 822 1994 quod
867 1922 932 1977 ad
966 1920 1201 1978 honores
1219 1960 1237 1988 ,
1279 1940 1310 1976 a
1338 1922 1541 1977 colonis

260 1995 681 2067 provincialibus
722 1996 779 2051 in
813 1996 963 2051 Urbe
1004 1996 1327 2052 obtiuendos
1349 2032 1368 2061 ,
1406 2011 1541 2049 non-

258 2070 391 2124 nulli
430 2069 714 2136 referunt,
775 2088 968 2126 vocem
996 2084 1246 2142 πολίτευμω,
1281 2070 1414 2139 reip.
1451 2067 1538 2122 ad-³

255 2141 700 2216 ministrationem
720 2143 856 2216 saepe
877 2159 1154 2199 notantem
1170 2183 1188 2210 ,
1212 2162 1316 2216 qua
1330 2141 1406 2195 bis
1429 2141 1539 2195 san-

258 2214 372 2281 stus
405 2212 698 2286 Apostolus
716 2256 734 2283 ,
775 2220 840 2272 de
882 2219 1099 2274 civitate
1126 2215 1314 2274 caelesti
1330 2232 1491 2288 agens
1518 2252 1536 2280 >

254 2288 322 2343 ad
348 2287 708 2360 Philippenses
742 2293 913 2346 utitur
939 2310 1050 2361 cap.
1087 2292 1181 2346 III.
1199 2289 1267 2345 vs.
1303 2307 1385 2343 20.
1413 2301 1533 2358 ἥμῶιε,

253 2362 429 2435 inquit
453 2401 473 2431 ,
513 2372 559 2422 τε
590 2376 811 2438 πολίτευμα
840 2369 895 2422 in
924 2367 1050 2421 ccc-‘lo
1082 2364 1167 2436 cst.
1195 2369 1197 2372 ’
1238 2362 1532 2419 Tertullia-

1428 2452 1527 2489 nus
