1641 2784
228 160 644 227 crims'rmms
668 181 1200 233 AEDILITATEMm4
1296 198 1373 235 259

89 282 230 337 enim
248 281 539 337 ostensurus
568 278 724 333 aliam
748 292 993 333 veterum
1024 276 1369 352 Philosopho-

88 374 241 421 rum,
279 356 432 410 aliam
462 351 884 408 Christianorum
911 350 1011 406 effe
1028 353 1368 425 disciplinam3

86 428 187 484 hos
217 447 283 484 ex
313 430 540 484 veritate
603 424 661 478 &
706 442 903 495 opera,
954 424 1072 478 illos
1113 427 1373 483 sententia

89 516 296 557 tantum
332 497 718 573 philosophari:
773 500 934 562 Ecce,
995 498 1203 569 inquit,
1269 503 1372 573 Py-

88 576 342 647 thagoras
365 574 506 646 apud
545 571 799 636 Thurios,
840 572 1019 625 Zenon
1057 575 1195 642 apud
1222 577 1369 630 Prie-

89 651 253 719 nenses
279 647 604 720 tyrannidem
631 640 880 718 affeHant
893 683 910 710 ‚
952 644 1273 712 Christianus
1288 663 1370 704 vc·-

88 739 146 776 ro
187 741 274 778 nec
312 719 661 775 AEdilz'tatem.
745 718 981 793 Jacobus
1022 718 1282 775 pamelius
1311 723 1369 776 in

89 809 325 849 annotat.
361 793 637 857 observat,
678 809 888 848 veteres
930 791 1146 846 excusos
1178 793 1234 847 δε
1262 797 1374 849 Va-

89 869 320 922 ticanum
362 865 471 920 mst.
515 865 712 922 habere
754 869 1041 922 civitatem.
1120 867 1369 935 Cujacius

89 942 177 996 lib.
208 941 365 995 XIV.
400 939 527 994 Obs.
572 958 688 1010 cap.
723 957 801 1010 13.
848 958 915 994 ex
955 939 1170 995 vetustis
1227 940 1372 996 libris

86 1015 220 1088 legit:
248 1013 303 1068 &
320 1014 517 1085 probat
541 1013 924 1083 AEdulitcztem3
965 1013 1263 1068 existimans
1287 1033 1374 1070 ve-

90 1104 230 1143 teres
273 1087 602 1142 aedulitatem
643 1087 700 1141 &
726 1088 1033 1162 aedilitatem
1075 1088 1375 1159 promiicue

86 1158 350 1231 scripsiise.
437 1161 542 1215 Sed
592 1161 721 1215 illud
775 1161 994 1215 omnino
1052 1161 1116 1215 ab
1158 1160 1375 1216 indoeia

89 1252 249 1289 manu
291 1232 399 1298 est,
439 1234 643 1306 pariter
678 1253 738 1289 ac
778 1235 892 1290 inl.
943 1248 1022 1303 17.
1057 1236 1128 1290 D.
1159 1236 1220 1290 de
1247 1253 1374 1290 conz-

82 1306 275 1381 pensat.
318 1325 426 1362 vox
468 1307 765 1362 AEdilitatis
814 1307 1042 1362 barbaro
1089 1308 1278 1363 saeculo
1317 1309 1374 1364 in

87 1383 351 1437 edulitatis
377 1398 704 1436 commutata
734 1379 835 1450 est,
876 1381 934 1434 δε
958 1384 1150 1451 quovis
1185 1382 1374 1455 pigno-

90 1474 148 1509 re
165 1472 423 1509 certarem
439 1493 458 1520 ,
497 1454 924 1521 Tertullianum,
970 1453 1238 1509 hominem
1258 1473 1375 1512 ver-

89 1528 316 1593 borum,
371 1530 548 1601 legum
587 1529 644 1581 &
685 1525 1097 1600 Magistratuum
1127 1528 1388 1599 peritiffi-·

90 1621 266 1666 mum,
306 1599 938 1672 AEdilitatenzscripliffe3
982 1619 1042 1655 ea
1068 1602 1209 1654 enim
1226 1620 1372 1667 vox,

91 1693 189 1728 nec
219 1676 318 1728 alia
363 1675 645 1740 Ciceroni,
697 1674 860 1729 Livio
902 1675 959 1728 &
997 1675 1213 1746 optimis
1260 1676 1376 1745 qui-

90 1748 269 1801 busvis
308 1746 612 1802 auctioribus
642 1767 743 1821 pro
776 1748 1040 1803 AEdilium
1066 1747 1374 1821 magistratu

91 1821 342 1890 usurpata
370 1819 461 1874 est.
536 1823 661 1877 Non
695 1820 950 1895 affeHare
990 1822 1114 1876 alias
1145 1822 1216 1875 est
1243 1822 1373 1876 nihil

91 1893 247 1948 studii
286 1908 377 1947 aut
420 1912 602 1965 operae
641 1897 982 1967 impendere,
1036 1895 1101 1950 ad
1134 1914 1246 1950 rem
1285 1897 1376 1949 ali-

92 1986 250 2038 quam
285 1967 736 2039 consequendam,
772 1987 882 2024 non
922 1971 1054 2026 data
1089 1980 1249 2042 opera
1295 1967 1373 2042 ajss

84 2039 323 2115 Ῑὲέῖανε,
386 2043 460 2095 ait
514 2043 724 2113 Ulpian.
760 2044 814 2097 in
855 2045 889 2098 l.
936 2058 979 2112 ς.
1022 2044 1092 2097 D.
1127 2062 1191 2099 ex
1232 2045 1367 2117 quib.

93 2114 224 2188 cauſs
253 2121 374 2182 maj.
407 2115 493 2170 hic
516 2134 647 2171 vero
687 2134 785 2188 per
814 2117 1039 2183 litoten,
1078 2115 1185 2172 five
1226 2135 1371 2172 exte-

94 2190 404 2243 nuationem
434 2206 622 2256 notat,
662 2190 990 2246 Christianos
1027 2192 1368 2247 AEdilitatem

97 2263 390 2328 declinare,
450 2264 669 2338 fugere,
725 2264 990 2332 deserere,
1043 2265 1369 2331 abominari,

98 2352 158 2389 ut
181 2337 422 2410 Julianus
451 2336 507 2391 δε
535 2334 848 2394 Ambroslus
870 2379 887 2406 ,
923 2341 977 2395 in
1003 2339 1180 2396 verbis
1207 2340 1368 2394 modo

99 2411 297 2479 allam,
339 2411 396 2467 &
420 2411 694 2470 Minucius
732 2431 844 2541 cal?
878 2431 962 2483 31.
1004 2415 1122 2471 Nec
1155 2418 1216 2473 de
1250 2416 1371 2469 ulti-

856 2505 885 2543 2
1285 2504 1367 2541 ma
