1641 2784
220 149 296 200 ,τως
484 138 614 181 εΑΡ.
639 131 744 174 x11.
767 131 849 174 DE
874 132 1253 179 mcm’rA'rE

221 243 361 317 pm,
403 234 610 308 pariter
633 251 695 289 ac
730 232 786 287 in
827 231 994 299 urbe,
1033 230 1142 288 hoc
1166 230 1417 307 fingulari
1446 240 1518 296 in.

220 318 482 371 dumento
508 307 856 384 Magistratus
883 327 915 363 a
939 304 1096 379 plebe
1125 305 1183 360 &
1220 307 1520 369 decurioni-

218 390 320 447 bus
346 383 774 441 secernebantur.
854 382 1054 438 Cicero
1087 380 1154 436 de
1194 381 1380 440 Pisone
1407 386 1520 443 Du-

221 461 477 526 umvir0‚
518 458 768 514 oratione
796 455 852 510 in
888 475 1012 512 eum
1051 452 1234 510 habita
1276 477 1389 531 cap.
1435 477 1515 515 11.

219 536 408 610 Capuae
445 544 498 589 te
523 541 904 606 praetextatum
925 547 1065 587 nemo
1089 529 1326 604 adspexit
1341 571 1360 600 a
1400 537 1521 606 quin

213 610 449 684 gemeret
471 607 720 683 desiderio
748 609 858 661 mei.
897 604 1161 659 Horatius
1194 605 1283 660 lib.
1302 604 1343 658 Ι.
1361 607 1450 662 sat.
1475 621 1519 677 ς.

218 680 431 740 Aufidii
444 681 605 736 Lusci
618 680 915 736 Duumviri
929 677 1170 734 Fundani
1196 680 1375 735 clavos
1392 699 1520 752 pur-

221 775 425 831 pureos
483 769 766 828 praetextae
806 754 1006 807 insutos
1045 752 1218 822 ridet3
1273 754 1332 808 &
1374 755 1519 810 Mara

220 850 313 887 cus
367 828 670 886 Postumius
716 827 996 883 Duumvir
1031 827 1518 898 *Quinquennaliss

218 906 276 961 in
317 921 540 960 nummo
574 901 641 959 ad
683 920 880 958 novam
924 898 1311 974 Carthaginem
1350 905 1519 974 perti-

219 992 418 1043 nente,
459 992 592 1051 toga
625 990 894 1049 praetexta
923 974 1143 1029 indutus
1173 976 1517 1046 conspicitur,

222 1052 368 1124 apud
394 1051 650 1106 Vaillant.
691 1049 929 1105 numism.
973 1065 1064 1103 aer.
1118 1049 1289 1120 Impp.
1326 1051 1385 1104 in
1426 1069 1518 1105 co·

221 1128 333 1181 lon.
362 1144 414 1197 p.
456 1143 526 1178 m.
552 1140 641 1195 40.
684 1123 834 1191 Quid
873 1121 1100 1178 clarius?
1154 1124 1405 1178 Valerius
1450 1124 1518 1178 de

219 1202 341 1272 lege
377 1199 566 1269 Oppia
595 1196 908 1268 abroganda
947 1194 1196 1250 differens
1240 1196 1384 1267 apud
1422 1197 1518 1250 Li-

218 1274 403 1336 vium,
469 1269 797 1343 generaliter
841 1268 1235 1341 magistratibus
1283 1271 1518 1325 colonia-

220 1364 342 1400 rum
403 1342 461 1397 &
512 1341 936 1413 municipiorum
979 1359 1096 1396 eam
1151 1339 1389 1415 adfignat
1426 1345 1513 1399 lib.

219 1418 500 1475 XXXIV.
544 1434 660 1486 cap.
716 1429 769 1484 7.
813 1418 964 1487 cujus
1003 1414 1170 1470 verba
1197 1415 1516 1483 adscribam,

219 1507 283 1547 ut
307 1489 460 1546 fimul
498 1489 781 1544 illustrem:
822 1490 1114 1562 Purpura,
1153 1489 1360 1559 iuquit,
1403 1495 1519 1547 viri

219 1577 428 1622 utemur
444 1584 461 1618 :
490 1567 816 1637 praetextati
839 1567 893 1618 ira
923 1561 1320 1634 magistratibus
1336 1603 1354 1630 2
1372 1564 1518 1638 msa-

218 1639 503 1695 cerdotiis:
542 1638 701 1694 liberi
715 1633 1162 1710 nollripraetextis
1181 1647 1430 1709 purpura
1445 1649 1518 1694 to-

208 1716 300 1786 gis
314 1723 563 1778 utentur,
583 1710 974 1783 magistratibus
989 1715 1043 1766 in
1072 1713 1281 1767 coloniis
1310 1715 1518 1767 munici-

219 1789 452 1860 piisque:
494 1786 578 1842 hic
616 1787 791 1842 Romae
834 1785 1002 1857 infimo
1032 1802 1226 1857 genere
1260 1785 1521 1858 magistris

218 1864 487 1927 vicorum,
513 1869 932 1933 togaepraetextae
948 1860 1192 1914 habenda>
1207 1860 1295 1926 jus
1304 1863 1519 1933 permit-

219 1945 411 1990 temus:
452 1952 542 1990 nec
589 1935 650 1989 id
689 1945 749 1989 ut
781 1937 901 1988 vivi
924 1932 1090 2007 solam
1131 1934 1362 1989 habeant
1400 1944 1514 1988 tcm-

221 2018 329 2063 tum
356 2009 582 2082 instgne,
593 2007 691 2083 sed
713 2012 870 2064 etiam
903 2019 962 2063 ut
1002 2026 1110 2064 cum
1133 2026 1188 2063 eo
1227 2017 1511 2063 crementur

220 2086 436 2138 mortui.
513 2082 894 2138 Sacerdotibus
914 2081 1097 2137 'datam
1140 2080 1241 2137 effe
1283 2095 1514 2154 praetex-

220 2168 358 2219 tam,
398 2157 504 2222 ait,
547 2171 682 2228 puta
714 2174 827 2212 non
852 2154 1109 2211 Romanis
1145 2165 1378 2221 tantum,
1426 2152 1511 2207 sed

219 2229 384 2282 etiam
411 2230 839 2303 municipalibus.
921 2230 1148 2285 Latinus
1174 2231 1393 2284 Pacatus
1425 2244 1513 2296 pa-

220 2318 344 2375 neg.
382 2320 495 2371 cap.
530 2317 614 2373 37.
654 2306 986 2361 Reverendos
1008 2302 1299 2375 municipali
1320 2310 1510 2379 purper-

220 2390 292 2431 γα
314 2375 576 2448 flammes-
659 2377 864 2447 Addit,
901 2380 958 2433 in
980 2377 1083 2435 hac
1119 2376 1372 2441 cremari³
1415 2389 1509 2452 qui

1398 2461 1509 2501 vita
