1641 2784
545 143 979 187 LUDORUMi
1338 154 1417 195 399¹

119 239 226 319 que
277 233 592 300 Ammianus
631 239 980 295 Marcellinus
1021 236 1112 294 lib.
1161 236 1412 295 XXVII.

114 338 233 392 cap.
263 332 313 387 7.
350 317 563 380 scribit,
633 314 689 367 in
742 311 1074 382 quarundam
1129 312 1412 368 civitatum

114 392 392 448 ordinibus
409 428 426 456 ,
443 386 810 444 Valentiniani
827 400 1095 457 tempore,
1112 386 1206 441 vix
1222 402 1410 442 ternos

116 462 439 538 superfuiss'e.
514 458 764 531 Aliquale
806 459 1053 515 solatium
1079 474 1196 515 erat
1240 478 1309 515 ex
1335 461 1410 515 le-

114 541 288 613 gatis,
330 554 449 609 quae
483 534 803 598 ad-munus,
844 533 1190 589 venationem
1229 534 1289 589 δε
1330 535 1412 589 lu-

115 617 213 668 dos
244 608 477 666 edendos
507 606 986 679 relinquebantur,
1024 609 1061 663 l.
1091 610 1179 666 68.
1193 608 1291 679 fin.
1318 618 1411 681 pr.

112 688 194 740 D.
226 685 299 740 ad
322 685 386 739 L.
414 684 558 738 Falc.
585 684 619 738 l.
655 692 772 754 pen.
810 681 882 736 D.
912 681 973 737 de
1004 698 1122 737 mm.
1152 683 1250 753 leg.
1292 683 1324 736 l.
1356 698 1408 751 4.

111 761 184 814 D.
211 759 270 813 de
299 759 438 813 adm.
465 773 578 812 rer.
607 755 680 811 ad
700 759 805 811 civ.
861 772 1039 827 neque
1079 770 1258 811 tamen
1283 774 1409 828 pro-

110 850 174 887 ut
203 832 418 904 privato
437 832 631 901 cuique
648 826 997 895 collibuisset,
1037 847 1138 886 nec
1161 830 1410 884 inomni-

110 906 208 960 bus
241 905 491 977 oppidis,
533 921 869 976 quaecunque
907 904 1178 960 celebrare
1206 903 1409 974 specsta-

111 981 231 1034 cula
266 981 449 1034 licuit:
490 996 612 1033 nam
652 978 853 1034 Plinius
880 977 967 1033 lib.
998 978 1097 1033 IV.
1127 977 1275 1051 epist.
1316 994 1404 1031 22.

108 1054 311 1119 refert,
361 1053 410 1106 se
449 1051 752 1125 cognitioni
805 1051 1136 1117 interfuisse,
1199 1051 1257 1105 in
1299 1069 1405 1122 qua

111 1126 444 1199 Gymnicum
470 1142 679 1197 agona,
698 1144 766 1179 ex
779 1125 1054 1192 cujusdam
1081 1125 1406 1181 testamento

106 1200 163 1253 in
206 1198 381 1253 Gallia
409 1199 552 1270 apud
582 1200 912 1254 Viennenses
941 1200 1272 1256 celebratum
1300 1199 1403 1253 tol-

106 1274 143 1326 li
172 1271 438 1342 placuerit
493 1287 550 1328 et
586 1273 820 1342 aboleri3
860 1277 985 1345 quia
1023 1291 1188 1329 mores
1226 1289 1400 1327 eorum

105 1349 376 1415 infecerat.
454 1346 539 1400 Ex
566 1364 675 1418 quo
704 1348 879 1401 lucem
906 1345 1104 1417 accipit
1135 1364 1400 1401 memora-

104 1419 221 1474 bilis
274 1422 308 1475 l.
358 1421 437 1476 16.
485 1421 565 1472 D.
609 1420 668 1476 de
702 1422 788 1493 usu
838 1417 913 1488 ἐξ
948 1419 1110 1490 uszffr.
1159 1422 1254 1490 leg.
1302 1420 1397 1475 ubi

101 1494 377 1549 consultor
442 1492 808 1549 Modestinum
858 1509 1048 1564 rogat:
1128 1494 1391 1564 Legatum

101 1572 320 1623 civitati
351 1566 622 1634 reliHum,
658 1579 715 1623 ut
740 1585 804 1623 ex
831 1567 1088 1623 reditibus
1123 1571 1393 1640 quotannis

103 1644 157 1695 in
183 1659 244 1696 ea
271 1645 526 1707 civitate,
569 1646 827 1697 memoriae
849 1641 1209 1713 conservandae
1223 1639 1394 1710 defim-

101 1713 175 1771 {li
204 1719 431 1786 gratia,
478 1715 828 1789 speflaculum
879 1715 1204 1781 celebretur,
1266 1717 1395 1788 quod

98 1790 209 1843 illic
248 1789 515 1844 celebrare
550 1807 645 1846 non
694 1791 830 1846 licet.
914 1789 1145 1860 Quaero,
1182 1791 1308 1862 quid
1329 1790 1392 1845 de

99 1862 270 1933 legato
295 1863 577 1934 existimes?
627 1864 955 1936 Respondit,
994 1864 1239 1936 iniquum
1257 1861 1391 1931 else,

99 1934 237 1990 hanc
274 1938 630 2009 quantitatem
675 1939 829 1994 lucro
864 1937 1127 1994 heredum
1165 1937 1390 2004 cedere,

95 2009 184 2064 sed
219 2009 599 2082 dispiciendum
649 2010 784 2079 else,
824 2014 879 2068 in
903 2031 1062 2084 quam
1101 2029 1217 2067 rem
1259 2029 1389 2068 con-

96 2084 237 2138 verti
265 2085 455 2141 debeat
496 2085 985 2153 fideicommiffum,
1045 2101 1109 2141 ut
1128 2085 1389 2141 memoria

98 2157 363 2215 testatoris
394 2159 500 2215 alio
542 2176 597 2215 et
642 2162 793 2217 licito
826 2179 1027 2237 genere
1064 2161 1384 2217 celebretur.

97 2231 168 2286 Et
192 2233 360 2289 recle!
404 2235 878 2302 Quemadmodum
904 2236 1047 2291 enim
1061 2235 1299 2302 nummi,
1317 2234 1383 2290 ad

95 2306 247 2362 ludos
275 2309 450 2364 licitos
480 2311 678 2384 legati,
718 2310 1002 2382 aliquando
1026 2311 1083 2366 in
1101 2308 1249 2366 usum
1274 2327 1384 2363 ma-

96 2380 175 2453 ,gis
214 2381 560 2442 necess'arium
598 2401 995 2444 convertuntur
1037 2386 1070 2441 l.
1107 2401 1161 2457 4.
1202 2382 1380 2509 D-dde

121 2464 130 2473 “
1241 2473 1275 2514 ,α
1316 2473 1378 2511 m.
