1641 2784
515 107 1020 152 C1VITATUM.
1323 114 1392 157 3²5

103 209 488 282 compellerent
525 205 593 261 ad
633 203 1013 260 refestionem..
1070 199 1265 259 Paulus
1299 216 1391 256 ur-

99 284 184 338 bis
220 284 330 339 vias
374 281 439 337 ad
476 277 810 349 magistratus
853 279 1129 348 pertinere
1169 273 1388 342 scribit,

99 358 153 411 in
191 358 225 411 l.
262 375 308 410 2.
337 363 390 420 s.
431 370 514 422 24.
546 353 618 406 D.
648 368 710 406 ne
735 350 860 421 quid
897 354 951 405 in
978 353 1065 407 loc.
1103 348 1240 424 publ.
1279 347 1391 405 Ro-

98 449 231 496 mce,
280 429 564 490 nimirum,
619 423 687 478 ad
725 422 985 478 Censores
999 463 1017 490 ,
1060 422 1392 492 Quatuorvi-

99 522 189 557 ros
234 503 289 556 ὅτ,
316 498 586 557 AEdiles:
626 514 859 568 quorum
893 497 968 551 illi
994 498 1104 553 vias
1134 498 1390 552 militares

102 581 154 628 ὃς
197 577 422 630 urbanas
465 571 802 635 sternebant,
839 568 898 624 hi
925 588 1096 637 vero,
1139 572 1388 644 exemplo

96 649 524 723 Astynomorum
565 640 974 699 Atheniensium
1004 681 1020 706 ,
1067 651 1393 718 purgamen-'

101 738 185 787 ta,
224 721 439 785 sordeS,
480 718 744 783 stercora,
786 718 1030 773 animalia
1065 722 1228 775 noxia
1251 757 1268 784 ,
1331 718 1390 773 δε

98 794 352 867 quicquid
378 795 676 865 platearum
710 789 824 847 usui
861 788 1103 847 officeret
1144 811 1390 848 remove-

97 868 224 922 bant
258 907 275 934 ,
327 868 408 922 uti
452 867 635 922 multis
675 865 948 937 probavi,
999 866 1063 920 de
1107 881 1205 920 tut.
1251 867 1386 939 viar.

99 943 245 1013 publ.
278 957 413 1012 part.
450 959 530 996 11.
559 958 672 1012 cap.
695 957 742 1009 3.
783 939 844 992 In
870 940 1094 994 coloniis
1125 954 1304 994 autem
1333 955 1388 993 et

97 1016 397 1085 municipiis
441 1032 553 1069 non
588 1032 694 1067 una
723 1014 932 1067 viarum
970 1013 1073 1067 suit
1115 1014 1385 1068 conditio:

100 1107 220 1143 nam
246 1088 469 1158 publicae
515 1087 572 1141 ἅτ
612 1087 865 1141 militares
900 1086 1118 1158 publico
1156 1087 1330 1140 sumtu
1358 1105 1388 1139 a

100 1162 436 1232 Principibus
473 1199 492 1226 ,
554 1158 868 1214 Praefidibus
920 1177 975 1215 et
1027 1159 1387 1215 Curatoribus

100 1253 199 1306 per
226 1235 418 1289 milites
447 1234 772 1309 legionarios
812 1235 1225 1299 muniebantur,
1264 1232 1389 1287 Liv-

96 1308 186 1363 lib.
218 1324 299 1378 39.
335 1327 448 1380 cap.
485 1326 530 1363 2.
577 1307 756 1362 Tacit.
804 1307 893 1360 lib.
931 1325 974 1360 1.
1025 1306 1167 1361 Ann.
1215 1326 1257 1361 c.
1301 1325 1385 1361 20.

95 1383 368 1438 Vicinales
410 1397 590 1436 autem
619 1381 767 1446 viaS,
810 1398 932 1451 quae
975 1381 1039 1436 de
1065 1379 1291 1452 publicis
1321 1379 1387 1435 ad

98 1474 257 1528 agros
294 1455 672 1520 divertuntur,
725 1454 983 1509 curabant
1024 1453 1257 1527 magistri
1295 1473 1389 1525 pa-

98 1547 328 1603 gorum,
384 1544 440 1584 et
490 1546 681 1599 operas
733 1529 764 1581 a
810 1526 1182 1598 posselsoribus
1230 1546 1388 1601 agro-

95 1621 215 1656 rum
243 1603 560 1673 exigebant,
601 1615 694 1655 aut
724 1602 916 1671 cuique
953 1617 1098 1655 certa
1126 1603 1291 1673 spatia
1320 1602 1385 1655 as-

99 1672 414 1747 iignabant,
456 1673 675 1728 auctore
706 1674 886 1729 Siculo
926 1673 1114 1734 Flacco
1157 1675 1221 1728 de
1259 1693 1386 1729 con-

100 1748 192 1801 dit.
233 1765 409 1819 agror.
457 1765 577 1820 pag.
605 1765 655 1818 9.
698 1748 758 1801 In
785 1744 908 1817 ipsis
949 1764 1131 1802 autem.
1169 1748 1387 1802 munici-

97 1821 198 1891 piis
242 1818 586 1892 Magistratus
636 1821 746 1875 vias
793 1821 1096 1876 sternebant
1141 1823 1387 1896 purgari-

92 1912 196 1965 que
240 1894 528 1958 iubebant:
590 1908 645 1949 et
691 1896 818 1949 licet
864 1896 1186 1967 quaudoque
1227 1895 1385 1962 hujus

95 1969 176 2022 rei
225 1967 481 2038 inspectio
544 1984 698 2022 extra
751 1967 993 2022 ordinem
1045 1969 1385 2024 curatoribus

98 2040 348 2096 mandata
375 2041 567 2103 fuerit,
604 2039 764 2095 status
794 2056 1051 2098 tamen-et
1076 2059 1252 2098 certus
1275 2060 1389 2097 ma-

100 2114 347 2188 gistratus
390 2114 665 2169 Viocurus
705 2130 819 2170 erat
844 2115 1054 2170 AEdilis.
1110 2117 1231 2172 Nec
1264 2133 1386 2171 ver-

99 2189 178 2243 bis
224 2205 362 2258 opus
405 2187 522 2253 est,
583 2205 697 2243 rem
740 2188 924 2243 testem
966 2190 1119 2246 dabo.
1193 2189 1385 2244 Refert

104 2261 366 2333 Capacius
391 2261 789 2333 inscriptionem
829 2264 1159 2336 elegantem,
1199 2262 1386 2317 adver-

100 2336 179 2391 sus
208 2351 367 2409 quam
393 2352 504 2392 non
534 2336 795 2393 audienda
830 2337 932 2390 erit
961 2338 1230 2395 contraria
1260 2355 1383 2408 pro-

722 2410 779 2466 X
817 2427 844 2480 3
1191 2410 1384 2484 ι1ῑοειῑίο,
