1641 2784
293 124 397 167 ‘AD
448 112 731 164 vom-:M
784 116 1209 167 AEolmsstsce:
1327 118 1403 174 ῑὸξ

113 228 168 290 §-
186 222 222 278 Ι.
392 216 665 288 Occapite
681 214 1174 274 Grammaticorum
1201 217 1399 288 penula

242 227 381 361 H
426 292 576 349 nobis
623 288 1029 345 induenda-erit
1057 327 1075 354 ,
1134 307 1296 363 atque
1334 290 1402 347 de

115 369 451 445 etymologia
475 362 623 419 vocis
664 359 885 416 AEdilis
914 364 1126 436 ejusque
1170 364 1402 440 synony-

114 448 214 500 mis
244 439 575 498 statuendum
602 435 785 507 paullo
812 435 1120 510 diligentius
1137 478 1155 505 ,
1195 457 1264 495 ne
1278 455 1404 496 ante

114 517 336 574 staffiam
375 529 565 568 nucem
590 511 842 563 nucleum
866 509 1073 581 petiiss'e
1106 512 1400 570 videamur.

114 594 251 648 Haec
275 589 413 644 enim
443 585 649 639 minuta
673 581 769 637 nili
792 582 966 655 probe
988 589 1402 658 cognoscantur,

115 665 182 721 ad
229 665 428 730 majora
464 675 738 729 nunquam
778 658 978 732 gradus
1034 658 1153 714 fieri
1191 661 1402 735 potest;

113 743 287 808 neque
314 733 482 806 magis
516 732 798 806 indignum
824 732 953 800 juris
991 730 1221 789 studioso
1265 737 1404 804 erit,

114 810 180 866 ad
215 826 411 862 vocum
447 805 685 880 origines
721 805 1068 873 descendere,
1111 825 1270 879 quam
1310 810 1408 865 do-

115 883 283 940 Ctriua
307 880 617 953 praestantes
648 880 774 935 olim
801 880 938 948 viri,
979 881 1185 945 Caesar,
1201 885 1405 951 Varro,
1476 893 1477 896 ’

111 956 326 1016 Tullius
366 955 423 1009 &
453 955 651 1009 Plinius
681 955 822 1011 circa
848 955 1143 1012 verborum
1179 956 1409 1029 potesta-

112 1046 193 1085 tes
217 1029 438 1086 fuerunt
459 1030 744 1100 occupati,
787 1048 848 1085 ac
876 1030 1032 1103 prisci
1058 1032 1188 1099 juris
1216 1031 1404 1086 condi-

114 1122 261 1159 tores
307 1103 552 1157 maximae
596 1100 692 1159 fibi
717 1102 861 1158 laudi
903 1104 1176 1162 duxerunt
1205 1144 1224 1171 ,
1274 1106 1407 1174 juris

113 1181 336 1250 laqueos
366 1195 476 1232 non
509 1176 607 1231 alia
636 1194 695 1232 re
725 1178 928 1253 magiS,
969 1197 1131 1251 quam
1157 1179 1408 1252 diligenti

114 1251 409 1307 verborum
454 1248 863 1325 investigatione
912 1251 1133 1309 solvisse.
1208 1254 1410 1310 Audie-

116 1328 235 1383 ham
263 1365 280 1392 ,
335 1326 410 1380 ait
464 1325 754 1380 Suetonius
784 1365 801 1392 ,
856 1331 1104 1383 memoria
1142 1338 1364 1400 patrum
1388 1365 1410 1394 ‚

117 1398 345 1473 quosdam
375 1419 402 1455 e
439 1401 822 1454 Grammaticis
843 1399 1027 1468 statim
1053 1419 1081 1456 e
1109 1402 1226 1456 ludo
1258 1412 1411 1456 tran-

107 1473 239 1547 fig'ffe
266 1478 318 1529 in
342 1470 524 1547 jbrum
539 1511 557 1538 ,
598 1484 756 1545 atque
782 1476 835 1530 in
862 1492 1127 1531 numerum
1146 1473 1409 1548 praestan-

115 1546 409 1620 tzffimorum
455 1557 806 1620 patronorum
858 1559 1101 1617 receptos.
1195 1547 1410 1618 Simpli-

116 1620 316 1675 ciffima
345 1635 555 1684 autem,
593 1635 656 1673 ut
695 1621 925 1691 opinor,
965 1621 1030 1674 ad
1069 1637 1252 1675 veram
1302 1621 1413 1675 ori-

119 1694 303 1766 ginem
344 1692 698 1763 procedemus
730 1694 851 1758 via,
892 1690 932 1746 fi
971 1695 1148 1765 primo
1188 1694 1244 1748 in
1281 1695 1413 1766 pro-

120 1767 294 1837 priam
334 1768 390 1819 &
439 1766 675 1821 nativam
714 1783 764 1824 τὲ
795 1763 1017 1823 AEdilis
1060 1764 1408 1841 significatio·

114 1857 238 1893 nem
268 1837 724 1910 inquifiverimus:
764 1856 957 1896 notum
984 1842 1125 1896 enim
1152 1845 1256 1908 jam
1285 1857 1412 1898 ante

117 1908 453 1968 AEdilitium
506 1913 873 1987 magistratum
927 1915 983 1969 in
1029 1913 1195 1970 Latio
1234 1917 1412 1971 fertur

115 1980 407 2042 AEdilium
433 2004 630 2041 nomen
649 2026 665 2052 ,
705 2005 806 2043 nec
834 1987 931 2043 isto
957 1989 1181 2045 invento
1202 1990 1412 2046 recenti

114 2069 361 2114 novitate
390 2060 493 2114 fuit
525 2058 788 2117 efficium:
829 2080 952 2117 nam
985 2078 1042 2117 et
1079 2063 1238 2119 urbes
1268 2081 1411 2136 quae-

115 2132 238 2187 dam
265 2134 428 2189 Italiae
457 2135 715 2205 majorem
739 2136 902 2212 longe
934 2150 1149 2192 aetatem
1176 2136 1412 2205 iactant,

118 2225 281 2276 quam
308 2208 415 2280 ipsa
441 2207 648 2275 Roma,
687 2206 795 2265 slve
820 2229 850 2265 a
877 2210 1114 2267 Romulo
1154 2211 1413 2278 condita,

117 2279 261 2347 five,
301 2298 365 2336 ut
392 2282 478 2336 alii
508 2283 736 2350 volunt,
773 2283 1074 2340 instaurata.
1150 2287 1240 2342 Sic
1279 2286 1412 2341 Tus-

116 2356 226 2424 culi
253 2369 309 2416 et
333 2355 599 2415 Bononiae
622 2358 790 2489 ὶηῐεὶᾶ
800 2359 1123 2420 Dominicus
1138 2359 1414 2487 Banfflbas

830 2451 861 2502 5
1335 2448 1414 2506 at:
