1641 2784
321 193 659 240 {GENER-A
698 192 1156 234 PROJP-ONI'R'
1267 244 1270 246 v
1318 201 1407 245 291),

91 307 211 347 rum
238 288 476 355 accedit,
516 283 988 358 quodTurnebus
1025 287 1115 344 lib.
1149 305 1237 346 xx.
1276 285 1397 346 Ad...

0 422 4 425 μ
89 364 220 420 vers.
249 382 292 419 c.
329 380 407 418 10.
456 355 690 421 AEdiles
724 359 1087 422 alimentarios
1128 363 1401 435 interpre,

91 453 272 504 tatur,
313 438 405 508 qui
432 435 678 496 alimenta
716 432 1079 503 providebant
1121 436 1397 502 alimenta..

90 512 182 565 riis
211 510 407 582 pueris,
458 508 560 566 His
606 523 835 579 namque
866 505 923 562 &
953 508 1342 566 Procuratores
1368 549 1389 577 ‚

90 583 397 652 Quaestores
413 619 432 647 ,
474 581 801 645 Curatores,
845 580 1030 635 Villici
1056 584 1393 642 alimentariz'

88 659 454 730 praefuerunt,
506 668 569 708 ut
618 672 684 708 ex
729 654 910 717 multis
955 654 1392 728 inscriptionibus

89 732 284 786 dilcere
309 729 466 794 licet,
511 728 652 799 apud
680 727 886 786 Reines.
918 727 985 783 ad
1009 730 1071 784 cl.
1102 747 1188 784 v1.
1232 749 1284 785 n.
1304 749 1392 803 24.

88 804 379 858 Enimvero
419 819 486 856 ne
533 816 783 874 parentes
822 802 1021 875 egeni,
1073 804 1254 876 gravis
1300 824 1391 861 an-

87 895 242 931 nonae
273 891 550 947 tempore,
587 876 1020 948 sanguinolentos
1049 876 1278 933 infantes
1316 880 1392 933 fe-

89 951 161 1005 ris
213 950 511 1020 avibusque
552 967 860 1020 exponere,
898 954 1092 1006 nec‘are
1139 952 1226 1007 vel
1263 970 1393 1008 ven-

90 1024 217 1079 dere
268 1037 636 1096 cogerentur3
691 1022 886 1096 optimi
932 1023 1208 1096 Principes
1248 1023 1394 1081 Ner-

91 1117 159 1151 va
189 1135 207 1163 ,
259 1096 526 1163 Trajanus
554 1134 573 1160 ,
650 1095 955 1152 Hadrianus
984 1136 1004 1164 ,
1070 1093 1390 1153 Antoninus

89 1171 248 1235 Pius,
289 1169 507 1224 Marcus
539 1173 591 1222 &
619 1169 851 1225 Severus
881 1189 1148 1244 pauperes
1186 1190 1388 1244 pueros

91 1245 398 1316 puellasque
437 1243 631 1298 nonin
663 1243 812 1299 Urbe
852 1260 1094 1312 tantum,
1145 1245 1234 1300 sed
1293 1262 1394 1317 per

91 1335 302 1372 omnem
337 1317 539 1380 Italiam
581 1318 636 1370 in
666 1318 908 1372 Coloniis
938 1322 989 1370 δε
1023 1319 1341 1391 Municipiis
1367 1356 1387 1384 ,

90 1391 300 1463 sumptu
328 1390 542 1463 publico
558 1428 575 1454 ,
595 1391 724 1446 vele
741 1391 1081 1462 privatorum
1123 1392 1300 1459 donss,
1319 1393 1390 1447 ali

93 1463 364 1534 jusserunt.
445 1465 653 1518 Primus
704 1462 811 1519 hoc
860 1463 1087 1520 instituit
1126 1466 1391 1537 Coccejus

94 1538 313 1604 Nerva,
354 1541 501 1605 cujus
532 1554 808 1603 Ρνειωε,
849 1557 970 1592 cum
1011 1539 1085 1605 Q
1114 1540 1394 1596 alimento-

94 1629 213 1667 rum
238 1612 294 1665 &
334 1614 565 1683 pecunia
604 1610 972 1676 alimentaria,
1012 1628 1280 1667 memorat
1318 1616 1392 1669 la-

93 1685 176 1755 pis
193 1687 457 1754 antiquus.
499 1678 752 1737 Aurelius
774 1684 1074 1750 vitm-‚in
1105 1685 1390 1757 Epitome:

95 1758 300 1811 Puellas
333 1767 644 1828 puerosque,
685 1769 832 1813 natos
866 1759 1178 1829 parentibus
1208 1760 1390 1831 egesto-

89 1832 185 1903 βε,
217 1828 383 1901 [zcmtu
402 1831 602 1903 publico
621 1839 721 1902 per
748 1832 925 1894 Italiae
957 1831 1139 1906 oppida
1177 1836 1254 1889 ali
1284 1833 1390 1907 jus·

88 1905 173 1977 sit.
255 1904 344 1957 De
385 1903 623 1969 Traiano
666 1903 982 1975 Xiphilinus
1021 1925 1074 1961 in
1105 1908 1391 1980 Excerptis

94 1978 182 2032 lib.
226 1979 311 2033 68.
379 1978 700 2033 Civitatibus
743 1978 919 2041 Italiae
962 1981 1124 2040 multa
1162 1983 1393 2054 largitus

96 2049 167 2121 est
192 2051 267 2105 ad
290 2051 632 2107 educationem
674 2051 993 2119 liberorum,
1034 2058 1087 2110 in
1123 2071 1245 2127 quos
1287 2073 1391 2111 ma-

99 2142 212 2195 gna
264 2125 503 2196 beneficia
549 2125 781 2181 contulit.
856 2126 1024 2199 quue
1063 2129 1263 2201 publici
1300 2148 1393 2202 pa-

102 2197 278 2260 rentis
331 2197 650 2253 beneficium
710 2203 767 2253 in
820 2202 1049 2264 nummis
1110 2220 1220 2258 non
1272 2203 1391 2258 unis

106 2271 434 2344 exprimitur
463 2273 678 2344 passim,
723 2280 884 2346 atque
907 2275 1046 2330 idem
1075 2277 1253 2338 multis
1288 2279 1395 2332 lau-

105 2345 260 2401 dibus
298 2362 524 2401 exornat
552 2347 783 2414 Plinius,
825 2349 879 2403 iu
905 2349 1276 2422 illo.perfe<stae
1313 2370 1393 2405 ar-

113 2417 185 2479 tis
220 2420 591 2496 panegyrico,
627 2423 855 2552 capi-26.
883 2421 940 2478 &
965 2437 1048 2496 375.
1083 2424 1392 2504 quidcipse,

822 2512 854 2550 2
1332 2513 1391 2551 m
