1641 2784
483 118 582 161 ET
633 115 1200 171 FREQUENT1A2
1391 122 1445 171 ³9⁷·

145 235 270 294 pua:
303 215 572 273 formabat
592 251 612 282 ,
652 209 763 269 five
791 213 859 268 ad
885 214 1030 269 illam
1057 214 1437 283 severitatem,

144 311 309 365 quam
350 293 407 346 in
442 288 589 344 Urbe
636 303 750 358 prae
786 287 838 340 se
885 289 1090 342 laturus
1141 305 1255 346 erat
1269 328 1289 356 ,
1340 290 1445 345 sese

145 366 526 438 componebat.
599 360 894 430 Pompejus
921 379 1091 430 vero,
1133 362 1260 418 dum
1285 364 1440 420 Cam

144 442 321 512 paniae
381 438 571 493 hortos
617 432 1031 505 frequentabat,
1087 436 1313 507 persona
1349 437 1440 493 sua

143 514 405 577 coloniae,
445 524 629 565 recens
661 526 691 562 a
716 507 905 562 socero
924 507 1127 564 Caesare
1154 509 1434 579 deductae,

144 584 520 660 Magistratum
557 578 866 639 honoravit·
941 580 1216 655 Principes
1260 589 1441 655 juven-

145 661 273 714 tutis
326 655 548 711 honoris
589 654 741 710 causa
778 653 1166 710 nominetenus
1230 672 1444 716 tantum

141 729 432 789 Duumviri
485 729 735 800 fuerunt3
808 745 984 801 neque
1049 724 1188 800 ipsi,
1214 730 1301 788 sed
1340 729 1443 805 per

140 803 427 877 praefectos
480 821 605 858 eum
645 801 918 858 honorem
974 800 1262 876 gess'erunt.
1341 808 1442 862 Pa-

136 881 271 933 riter
311 896 372 933 ac
409 877 588 932 Coelio
624 875 800 932 AEdili
827 875 886 932 &
916 875 1151 931 Praetori
1187 875 1440 936 Romano

137 953 337 1005 summa
378 951 589 1017 omnia,
639 949 728 1006 sed
766 949 1001 1016 absenti,
1057 970 1087 1005 a
1129 951 1440 1009 Puteolanis

139 1027 334 1080 collata
361 1025 508 1092 sunt,
574 1023 770 1080 Cicero
799 1042 903 1097 pro
937 1024 1112 1080 Coelio
1140 1043 1255 1098 cap.
1294 1045 1342 1081 2.
1384 1028 1443 1082 δε

142 1099 449 1154 Hadrianus
487 1100 543 1153 in
575 1098 750 1170 patria
791 1098 974 1153 Italica
1009 1099 1441 1171 Quinquennalis

135 1173 272 1239 fuit³
319 1191 479 1245 quam
510 1187 688 1228 tamen
730 1190 1008 1245 nunquam
1053 1173 1249 1230 invisit.
1323 1171 1441 1233 Dio

137 1247 226 1301 lib.
265 1260 343 1317 59‘
1034 1316 1036 1319 v

202 1328 257 1385 §-
298 1322 423 1375 VII.
466 1316 521 1377 A
550 1321 731 1378 Sicilia
759 1321 825 1378 ad
851 1325 1175 1398 remotiores
1216 1323 1445 1398 provin-v

139 1394 245 1449 cias
288 1395 481 1466 pedem
524 1414 944 1468 promovemus3
989 1417 1120 1469 quas
1159 1402 1303 1454 inter
1334 1397 1440 1467 pri-

137 1487 284 1522 mum
310 1471 490 1524 locum
522 1468 617 1526 libi
656 1470 1096 1528 vindicatGallia
1119 1474 1440 1529 Narbonen-

132 1540 234 1608 fis,
274 1545 431 1598 unica
460 1559 604 1598 trans
647 1542 817 1616 Alpes
860 1560 984 1600 ante
1028 1544 1263 1622 Augusti
1307 1559 1443 1601 tern-

135 1633 275 1688 pora
312 1618 626 1688 provincia,
670 1618 862 1689 totque
900 1619 1126 1674 coloniis
1171 1620 1229 1674 &
1279 1619 1443 1691 oppi-

137 1688 216 1744 dis
270 1689 456 1744 Latini
495 1690 625 1760 juris
683 1693 935 1764 exculta,
988 1708 1052 1747 uc
1093 1694 1296 1757 Plinius
1336 1692 1442 1746 Ita-

138 1762 263 1816 liam
278 1764 492 1830 verius,
510 1782 671 1836 quam
699 1765 1040 1836 provinciam
1069 1765 1441 1840 appellandam

139 1833 242 1891 effe
287 1837 505 1907 putarit.
582 1838 646 1893 In
679 1837 762 1894 his
804 1858 939 1898 vero
967 1878 985 1905 ,
1025 1844 1206 1912 patrio
1248 1856 1436 1908 more,

136 1910 510 1967 AEdilesvsunt
553 1913 738 1968 creati.
823 1913 1101 1985 Siquidem
1144 1910 1441 1981 Nemmfi,
1520 1920 1524 1924 ’

141 1999 263 2053 quae
307 1986 575 2040 coloniam
612 1981 847 2061 Augusti
899 2003 1146 2060 tempore
1197 1989 1440 2060 recepit,

141 2057 203 2110 &
229 2059 562 2131 antiquitatis
606 2059 863 2117 Rom-anae
905 2062 1261 2131 majestatem,
1315 2081 1439 2134 pre-

139 2127 287 2185 tiosis
304 2134 578 2188 ruinarum
607 2135 686 2188 fra
730 2136 922 2189 mentis
940 2174 956 2202 ,
983 2135 1154 2192 adhuc
1177 2135 1442 2203 ostendit,

139 2200 322 2259 effecli
351 2207 467 2260 sunt
506 2209 650 2263 cives
715 2210 955 2275 omani,
996 2211 1091 2281 qui
1140 2209 1442 2267 AEdilitatis

138 2294 235 2334 aut
274 2279 572 2351 Quaesturae
614 2280 886 2340 honorem
931 2281 1096 2340 effent
1136 2283 1444 2349 consecuti,

851 2356 908 2420 G
1355 2375 1448 2424 212⁹.
