1641 2784
574 116 959 158 ANNONAE.·
1325 127 1395 173 ⁵4⁹1

110 225 407 280 venerunt,
445 212 720 267 satirarum
764 215 876 278 ejus
928 211 1268 286 fragmenta,
1317 213 1392 269 la·-

109 308 291 345 cerum
331 287 389 342 &
425 298 741 353 corruptum
778 282 1084 354 constituit,
1122 302 1284 361 atque
1325 287 1392 342 ad

110 364 278 417 vitam
319 358 600 417 revocavit
625 354 916 411 Turnebus
957 358 1045 413 lib.
1076 379 1239 417 xxlx.
1280 355 1395 415 Ad-

112 436 242 490 vers.
285 452 397 505 cap.
434 449 517 486 20.
591 430 655 483 In
691 429 869 483 omnia
907 430 1008 485 alia
1046 445 1225 489 tamen
1260 433 1393 490 abiit

129 509 224 582 Ios.
253 506 487 576 Scaliger
509 504 566 557 in
590 504 824 557 Varron.
853 501 917 557 de
941 501 1005 557 R.
1034 504 1098 562 R;
1129 525 1250 582 pag.
1269 512 1392 576 248.-

116 573 328 655 Iegem,
361 581 608 651 Jecuru5‚
657 576 743 630 vel
781 575 858 629 ad
887 576 1226 646 AEdilitium,
1262 580 1396 634 scili-

117 671 205 710 cet
231 669 419 708 munus
436 685 453 712 ,
493 646 587 704 etsi
609 649 666 702 in
691 647 898 703 duobus
928 647 1099 704 Nonii
1123 652 1410 709 codicibus.

118 724 484 794 manuscriptis
523 722 790 776 invenerit
825 721 898 776 ad
921 724 1226 781 AEdilitium
1255 742 1411 781 mun-1

121 801 224 856 dm.
263 793 342 853 At
367 797 544 871 Justus
569 793 780 868 Lipsius
804 794 893 849 lib.
916 811 959 851 1.
990 813 1102 852 var.
1127 799 1246 856 lect.
1279 817 1394 871 cap.

124 866 205 942 1'7.
248 889 369 926 cum
401 869 654 941 scriptum
695 865 999 941 reperisset:
1022 870 1238 944 securus
1264 910 1283 939 ,
1316 870 1410 927 vel>

120 947 387 1002 aedilicium
426 943 614 999 modius
652 954 816 1016 purus
841 980 859 1007 ‚
913 942 1225 1000 sententiam
1272 942 1401 1000 effe-

124 1020 267 1075 ctum
305 1018 371 1071 iri
408 1018 620 1088 putavit
662 1014 1111 1084 commodiorem,
1149 1018 1190 1072 fi
1228 1033 1403 1075 munus

123 1112 154 1148 a
181 1092 451 1163 Scaligero
483 1089 815 1145 subauditum
842 1106 944 1161 pro
976 1092 1187 1146 mundus
1210 1091 1265 1145 in
1285 1105 1404 1145 tex-

124 1182 239 1220 tum
264 1164 583 1234 recipiatur:
617 1162 853 1234 securus,
896 1165 987 1219 vel
1007 1164 1080 1219 ad
1100 1166 1412 1221 AEdilitium

123 1254 299 1294 munus
318 1246 476 1308 purus
497 1246 680 1309 putus.-
720 1234 865 1305 quasi
890 1239 1072 1291 Varro
1101 1238 1277 1292 dicere
1306 1255 1405 1292 vo-

124 1309 329 1376 luisset,
381 1311 688 1377 Sapientem
724 1310 905 1373 illum,
964 1326 1123 1379 quem
1164 1310 1406 1375 ridebat,

124 1386 364 1439 securum
402 1383 552 1448 fore,
592 1378 793 1436 etiamsi
833 1382 898 1436 ad
921 1380 1255 1438 AEdilitium
1292 1402 1409 1438 mu-

124 1476 223 1516 nus
240 1495 257 1522 ,
298 1455 440 1511 idest
465 1456 529 1509 ad
558 1455 743 1510 bestias
772 1455 1227 1512 condemnaretur.
1266 1453 1409 1512 Acu-

128 1548 182 1585 tc
222 1530 342 1584 satis
379 1548 480 1601 pro
521 1532 707 1583 aetate!
752 1528 783 1602 ζ
803 1529 893 1584 vix
937 1530 1080 1584 enim
1119 1528 1412 1586 novemde-

128 1604 306 1658 cennis
349 1618 464 1658 erat
496 1621 615 1657 cum
652 1603 824 1656 varias
867 1601 1049 1669 daret)
1087 1602 1173 1657 sed
1208 1618 1409 1673 praeter

130 1694 245 1729 rem
274 1695 335 1730 ea
369 1675 534 1731 verba
571 1675 868 1741 sollicitari,
905 1674 1116 1730 monuit
1150 1675 1232 1730 Cl.
1270 1676 1410 1732 Bur-

132 1766 353 1804 mannus
393 1749 458 1804 ad
486 1750 702 1803 Petron.
730 1768 844 1820 cap.
869 1764 957 1819 43.

203 1829 255 1885 §—
306 1824 402 1876 IV.
454 1822 723 1876 Fabricius
759 1822 1044 1877 Peirescius
1068 1860 1088 1888 ,
1140 1822 1232 1892 qui
1273 1822 1407 1878 inte-

133 1912 292 1967 grum
330 1894 403 1949 ‘de
456 1895 782 1965 ponderibus
838 1896 1092 1950 volumen
1126 1896 1407 1951 manuicri-

132 1985 287 2040 ptum
327 1967 611 2022 heredibus
657 1969 902 2039 reliquit,
942 1967 1161 2023 auctore
1189 1966 1411 2024 Gaisen-

134 2041 204 2096 do
232 2043 287 2095 iu
313 2044 422 2108 ejus
446 2042 592 2106 vita,
632 2040 689 2095 &
717 2039 958 2112 Raphael
986 2041 1266 2097 Fabrettus
1292 2060 1409 2114 cap.

135 2132 257 2168 v11.
297 2115 527 2186 inscript.
567 2133 689 2188 pag.
737 2128 855 2184 524.
893 2133 960 2171 ex
995 2131 1240 2171 accurata
1264 2132 1408 2187 pon-

135 2187 323 2242 derum
352 2189 408 2242 &
433 2188 764 2244 vasculorum
803 2188 1126 2259 inspectione
1169 2188 1412 2245 observa-

135 2277 294 2326 runt,
334 2278 543 2317 veteres
573 2263 707 2317 adeo
732 2261 880 2316 fuisse
903 2263 1136 2318 sollertes
1150 2301 1169 2329 ,
1206 2263 1410 2317 nullum

136 2350 197 2390 ut
224 2353 314 2391 vas
353 2335 680 2394 conficerent
694 2373 712 2404 ,
752 2338 897 2409 quod
936 2353 1046 2394 non
1084 2336 1142 2392 δε
1177 2335 1414 2411 praescri-

1269 2424 1418 2480 ptam
