1641 2784
471 129 569 170 ΕΤ
622 100 1182 181 FREQuEN-Tm:
1373 127 1421 177 ᾖ

147 228 437 289 cessitatem
455 225 512 280 in
536 222 762 291 coloniis
792 222 849 277 &
876 221 1233 295 frequentiam
1255 220 1438 278 visuri.-

155 299 338 375 Atque
366 296 730 368 illud'quidem
757 313 915 351 nemo
953 296 1026 352 est
1067 295 1161 368 qui
1201 296 1433 361 nesciat,

128 380 346 432 nullam
362 373 630 430 civitatem
652 405 670 432 ,
703 371 968 440 populum
992 385 1086 425 aut
1118 368 1431 441 reipublicae

153 468 353 522 corpus
394 444 502 500 fine
527 439 792 498 AEdilitiis
831 442 973 497 ‘curis
1015 442 1290 508 inchoari,
1337 459 1439 498 nec

156 525 248 579 diu
278 516 552 578 consistere
579 511 742 587 pofl'e.
801 515 1271 583 Quemadmodum
1299 515 1443 571 enim

154 599 211 653 in
251 614 309 651 re
351 588 633 646 domestica
681 589 856 660 prima
918 589 1160 644 omnium
1210 606 1439 645 annonae

155 664 392 726 habenda
430 662 502 719 est
526 680 685 732 cura,
715 677 790 734 ⁴ut
816 660 948 731 justa
979 661 1324 734 praebeantur
1365 662 1445 732 fa-v

155 740 342 805 miliae,
382 755 448 792 ne
476 737 684 811 algeat,
722 755 791 792 ne
817 735 1041 799 esuriat,
1077 752 1146 790 ne
1178 750 1333 806 parte
1372 736 1446 792 ci-

154 815 210 871 bi
241 813 417 868 diurni
444 809 751 868 fraudetur:
789 807 861 866 fic
896 809 1057 865 etiam
1085 808 1446 880 civitas,quae

156 887 220 944 ab
248 887 336 941 illa
374 886 625 940 societate
669 883 935 959 originem
981 882 1163 950 ducit,
1214 882 1270 938 id
1311 900 1440 954 ope·-

155 979 269 1018 ram
299 959 423 1014 dare
466 957 656 1024 debet,
697 974 761 1014 ut
800 973 1012 1013 annona
1065 969 1446 1028 comparetur,

158 1032 457 1091 dardanarii
487 1043 874 1097 coerceantur,
914 1046 1074 1103 atque
1101 1031 1159 1085 in
1186 1047 1449 1086 commer-

157 1110 250 1164 ciis
281 1123 342 1162 ut
375 1105 721 1161 conservetur
759 1105 930 1172 ord0‚
971 1105 1161 1160 modus
1199 1103 1257 1159 &
1299 1102 1448 1160 fides,

157 1182 307 1238 Tum
348 1196 596 1251 quoque,
636 1195 698 1235 ut
749 1180 929 1234 omnia
967 1178 1220 1236 decenter
1259 1176 1317 1232 ὅσ
1360 1194 1450 1232 or-

160 1269 286 1309 nate
322 1251 646 1315 habeantur,
716 1269 779 1309 ut
816 1252 1007 1308 domus
1062 1269 1247 1308 omnes
1291 1252 1450 1306 unius

166 1329 400 1384 referant
440 1325 703 1401 figuram,
762 1341 932 1399 utque
975 1325 1077 1380 vice
1118 1324 1452 1392 sternantur,

163 1401 510 1467 muniantur,
545 1414 881 1475 purgentur3
920 1417 989 1454 ne
1014 1400 1157 1455 cives
1193 1416 1294 1471 per
1318 1397 1453 1453 scru-

164 1493 265 1548 pos
301 1473 708 1548 gastrorumque
758 1474 1108 1529 eminentium
1149 1473 1451 1545 fragmenta

166 1547 329 1622 pedes
401 1546 614 1603 trahant
691 1562 961 1603 cruentos,
1037 1545 1172 1601 Illud
1228 1543 1455 1617 pulchra

168 1621 572 1693 comparatione
599 1621 951 1677 Dinocratem
978 1616 1331 1674 architectum
1359 1617 1456 1674 do·

169 1695 284 1751 cuit
309 1691 617 1750 Alexander
645 1694 720 1749 M.
762 1693 1082 1767 perhibente
1107 1691 1369 1748 Vitruvio
1398 1693 1456 1746 in

171 1769 321 1846 praef.
351 1768 438 1822 lib.
470 1785 516 1822 2.
550 1767 614 1823 de
653 1767 839 1824 archit.
898 1770 975 1823 Ut
1016 1768 1148 1822 em'm
1191 1775 1345 1820 natus
1381 1769 1455 1821 in-

162 1842 288 1917 jans
309 1843 414 1913 fine
428 1845 648 1898 nutricis
674 1839 807 1900 laste
833 1859 928 1897 uon
954 1839 1116 1913 potest
1144 1841 1251 1905 ali,
1295 1855 1451 1912 neque

174 1915 252 1971 ad
273 1918 402 1970 vitae
426 1914 694 1975 crefoentis
722 1915 919 1986 gradus
930 1913 1176 1986 perduci:
1226 1913 1295 1986 fic
1328 1915 1455 1968 civi-

175 1999 296 2053 tas,
341 1989 447 2063 fine
473 1990 797 2044 abundantia
822 1988 957 2053 cibi,
985 1986 1459 2062 frequentiamha-

176 2062 330 2128 bere,
381 2064 714 2137 populumque
756 2064 862 2137 sine
898 2066 1043 2134 copia
1086 2065 1228 2116 tueri
1265 2064 1457 2133 nequit.

176 2135 323 2190 Hinc
368 2153 480 2207 prce
520 2138 710 2191 ceteris
747 2134 1137 2211 magistratibus
1171 2134 1274 2187 viri
1319 2135 1458 2201 cati,

176 2208 466 2280 prudentes
497 2209 770 2281 &optimi
799 2211 916 2264 sunt
939 2207 1324 2273 constituendi,
1367 2208 1459 2280 qui

178 2282 411 2354 primum
439 2302 536 2348 ea,
579 2302 696 2355 quae
742 2283 807 2338 ad
845 2283 970 2338 vitae
1023 2281 1307 2339 neceffaria
1342 2300 1463 2354 per-

185 2356 408 2424 tinent‚·
434 2372 548 2415 tum
574 2358 733 2415 etiam
750 2394 769 2425 ,
810 2374 929 2428 quae
957 2356 1024 2414 ad
1060 2357 1209 2415 urbis
1238 2358 1461 2437 symme-

1309 2445 1465 2486 triam
