1641 2784
262 130 679 191 eHRISTJAle
714 132 1171 180 AEDILITATEM.
1196 139 1269 180 ὅτε.
1339 144 1415 193 269

125 250 266 306 opus
290 231 387 298 fit,
428 230 493 286 de
515 231 728 304 legione
756 230 1112 292 fiilminatrice
1138 235 1307 291 multa
1336 233 1408 291 di.

127 325 308 364 camus
325 343 342 370 ‚
383 305 448 361 de
479 322 582 376 qua
623 303 782 359 variae
812 303 1168 363 Eruditorum
1200 308 1408 365 senten-

127 385 216 436 tiae
244 378 385 453 apud
412 377 680 433 Celeberr.
706 373 969 432 Witssum
995 378 1052 434 &
1080 380 1409 450 Matthaeum

122 454 569 525 Larroquanum‚
637 453 693 505 in
736 447 1187 509 dissertationibus
1225 456 1291 511 de
1334 458 1409 513 le-

122 530 286 602 gione
318 523 669 581 fulminatrice
693 523 801 597 legi
817 521 1049 594 possunt.
1121 527 1309 584 Nolim
1332 530 1408 585 sa-

121 620 189 657 ne
229 600 388 655 fidem
436 614 650 652 omnem
688 596 940 671 derogari
978 597 1318 658 Tertulliano
1351 608 1407 656 &

121 673 350 730 Eusebio
367 710 386 739 ‚
416 670 483 726 ad
509 672 690 725 literas
716 668 895 725 Marci
947 676 1370 742 provocantibus
1388 696 1424 747 3-

121 765 310 802 verum
334 745 458 817 quia
471 745 697 818 gentiles
711 742 969 800 Historici
982 781 1000 809 ‚
1034 745 1225 818 gloriae
1250 748 1406 804 Chri-

121 819 409 875 stianorum
438 818 581 874 forte
617 817 947 885 invidente8‚
1003 818 1135 892 jovi
1178 820 1402 888 Fluvio,

117 894 176 948 in
234 895 480 949 columna
533 890 900 948 Antoniniana
967 890 1213 964 express'o
1237 933 1257 960 ,
1317 899 1402 951 vel

118 966 294 1022 Marci
326 966 563 1030 merim,
604 967 689 1020 vel
717 960 995 1038 Arnuphis
1040 967 1185 1039 magi
1222 967 1402 1042 AEgy-

116 1041 218 1112 ptii
247 1039 566 1096 carminibus
600 1038 896 1093 mirandam
937 1040 1079 1094 illam
1127 1040 1402 1097 liberatio-

114 1131 239 1167 nem
273 1114 543 1178 tribuunt‚
584 1113 786 1167 nullum
813 1113 937 1167 inde
969 1113 1212 1170 favorem
1244 1113 1401 1170 Chri-

117 1186 292 1242 stianis
351 1186 521 1241 enasci
562 1184 790 1257 potuisse
841 1187 1039 1258 liquet.
1118 1188 1394 1251 Claudian,

116 1261 253 1316 cons.
286 1261 383 1315 VI.
412 1261 624 1315 Honor.
654 1261 723 1314 vs.
771 1259 893 1330 348.
1404 1268 1413 1276 ·

217 1366 240 1377 -
279 1367 301 1378 -
340 1367 362 1376 -
433 1332 662 1387 Chaldaea
689 1351 824 1406 mago
848 1334 934 1400 seu
960 1336 1188 1388 carmina
1215 1339 1326 1388 ritu

189 1406 484 1463 Armavere
513 1406 642 1461 deos:
685 1407 780 1480 seu
797 1449 818 1471 ,
880 1407 1015 1480 quod
1048 1425 1205 1472 reor,
1264 1426 1397 1464 omne

329 1480 568 1534 Tonantis

177 1552 472 1626 Obsequium
501 1552 680 1606 Marci
707 1570 865 1606 mores
883 1564 1085 1625 potuere
1110 1561 1307 1609 mereri,

109 1625 359 1681 Fabulam
381 1627 567 1697 utique
596 1628 775 1693 olere,
804 1627 1108 1700 quod-legio
1134 1627 1251 1683 haec
1276 1643 1391 1686 tum

109 1699 321 1754 demum
375 1700 704 1755 fulminatrix
743 1702 1010 1772 appellata
1044 1701 1110 1756 fit
1140 1739 1159 1768 ,
1225 1701 1388 1757 Scali-

110 1791 239 1845 ger,
300 1769 540 1828 Valesius
580 1773 638 1828 &
679 1774 952 1846 Rupertus
1009 1774 1387 1846 observarunt;

107 1846 342 1900 conferri
389 1847 549 1900 etiam
588 1864 893 1914 merentur,
963 1866 1082 1920 quae
1142 1848 1205 1902 de
1244 1866 1388 1903 com-

105 1920 351 1974 mentitia
380 1917 622 1974 Thebaea
645 1922 857 1994 legione
871 1921 1106 1995 Joannes
1132 1920 1386 1977 Dubour.

105 1993 232 2047 dieu
275 1990 525 2066 singulari
565 1991 924 2051 differtatione
964 1994 1168 2051 Gallica
1220 2012 1386 2067 expo-

105 2067 223 2121 suit.

179 2138 226 2201 §-
268 2140 424 2195 XIV.
462 2140 666 2198 Ultimo
681 2142 805 2199 loco
831 2160 941 2199 non
967 2140 1075 2200 line
1100 2156 1230 2200 nota
1251 2163 1384 2218 prae.

108 2214 351 2268 tereundi
380 2213 696 2271 videbantur
713 2215 846 2283 alii,
899 2219 991 2288 qui
1033 2233 1239 2273 textum
1285 2239 1383 2277 no-

107 2287 270 2342 strum
309 2306 702 2360 corruperunt,
741 2307 804 2346 ut
825 2289 1110 2348 Rulsardus
1151 2291 1208 2347 &
1234 2292 1380 2350 Con·

111 2361 248 2430 tius,
288 2380 390 2435 pro
415 2380 525 2436 quae
552 2365 793 2438 legentes
832 2368 946 2439 qui:
983 2384 1085 2426 nec
1109 2363 1380 2498 Masesde

1321 2459 1380 2497 u.
