1641 2784
287 147 389 194 {ET
419 143 810 190 POTESTATE
837 142 1157 185 'AEDILIUM
1332 147 1404 201 3475

107 243 196 300 lib.
230 261 274 300 1.
292 244 381 300 sat.
411 261 459 316 3.
483 243 553 300 vs.
577 259 695 314 119.
735 241 884 297 Vide
904 238 1233 296 Brissonium
1258 239 1410 299 1.1112v

107 317 279 374 select.
308 320 472 391 antiq.
498 336 614 390 cap.
629 333 685 387 9.
729 316 1011 386 Cujacium
1039 314 1128 371 lib.
1154 314 1408 372 XXVII.

111 392 241 447 Obs.
272 410 358 465 29.
386 393 443 447 &
469 391 701 446 Fabrum
723 390 813 445 lib.
843 391 911 445 II.
944 389 1189 447 Semestr.
1217 407 1333 462 cap.
1351 391 1404 447 6.

107 464 311 521 Manfit
353 468 519 522 etiam
554 464 863 520 recentiore
903 478 1188 537 tempore,
1222 481 1290 519 ne
1329 464 1408 519 in-

106 540 298 614 genuis
327 555 514 596 notam
539 539 773 595 infamiae
801 556 903 613 per
927 540 978 595 se
1016 540 1261 595 inureret
1298 538 1407 595 sola

107 615 486 687 flagellationis
511 615 597 669 vel
623 611 841 669 fustium
868 631 1064 687 poena,
1105 612 1193 669 sed
1218 612 1402 682 causa,

108 705 228 759 quae
282 688 557 743 infamiam
600 687 871 744 dammato
911 690 1157 762 irrogat,
1221 687 1407 743 secun·

108 763 235 815 dum
260 762 306 817 d.
333 764 368 819 l.
402 780 481 817 12.
513 761 588 831 &9⁹
614 764 646 818 l.
674 780 757 817 22.
785 763 858 818 D.
884 763 942 818 de
965 762 1045 818 his
1070 765 1160 836 qui
1184 774 1287 817 not.
1311 758 1409 827 inf.

108 835 414 891 Concilium
449 837 784 892 Toletanum
823 836 977 892 XIII.
1016 855 1060 892 c.
1103 855 1150 890 2.
1205 839 1266 908 Si
1305 846 1406 907 pro

107 910 266 983 culpis
295 914 518 967 minimis
548 916 641 978 (ut
663 909 881 982 affolet)
922 911 1246 983 flagellorum
1290 908 1406 967 iiii-

111 983 201 1038 bus
239 985 626 1051 verberentur,
666 1002 763 1040 non
802 996 978 1042 tamen
1021 1003 1085 1041 ex
1126 985 1252 1049 hoc,
1305 995 1405 1040 aut

111 1057 870 1130 testimoniumainzffurisunt‚
910 1070 1008 1114 ant
1031 1059 1187 1113 rebus
1196 1057 1308 1129 fibi
1324 1059 1406 1112 de-

112 1130 236 1186 bitis
255 1133 639 1205 privabuntur.
661 1133 719 1185 &
745 1133 868 1186 Lex
894 1128 1199 1205 Wifigoth.
1226 1130 1315 1184 lib.
1336 1131 1401 1185 ΙΙ.

112 1207 193 1257 tit.
233 1222 275 1259 1.
306 1211 359 1268 §-
396 1211 476 1262 18.
517 1206 612 1261 Ita
639 1216 699 1261 ut
724 1205 1060 1276 flagellorum
1085 1204 1184 1275 ssa
1231 1221 1407 1261 corre-

104 1280 219 1350 ptio
248 1295 345 1333 non
385 1279 600 1334 inducat
640 1288 817 1333 notam
854 1277 1098 1346 infamiae.
1175 1278 1407 1350 Elegans

113 1351 345 1423 denique
373 1352 638 1407 AEdilitire
667 1350 825 1417 hujus
854 1351 1205 1405 coercitionis
1247 1369 1406 1426 argu-

113 1442 357 1480 mentum
386 1424 694 1498 suppeditat
729 1422 1047 1479 Scholiastes
1073 1422 1308 1482 Basiliam
1338 1425 1405 1481 ad

112 1498 201 1553 lib.
240 1501 325 1555 60.
364 1500 446 1553 tit.
473 1518 519 1553 2.
552 1499 608 1553 in
637 1498 998 1570 explicatione
1022 1499 1054 1554 l.
1088 1516 1133 1552 2.
1158 1507 1212 1563 §-
1254 1517 1300 1553 2.
1328 1501 1403 1554 D.

107 1575 152 1646 fi
182 1574 365 1646 quadr.
392 1582 544 1646 paup.
578 1572 673 1628 ubi
712 1570 1082 1646 magistratum
1116 1574 1409 1644 municipa.

113 1647 251 1712 lem,
294 1665 455 1718 quem
478 1647 794 1720 negotiator
817 1646 872 1700 in
899 1645 1175 1701 tabernam
1200 1646 1300 1703 sese
1312 1648 1412 1704 im-

117 1721 336 1775 mittens
364 1720 639 1794 fugiebat,
682 1720 914 1793 exponit
951 1716 1245 1776 AEdilem:
1284 1736 1411 1793 'Ayaa

116 1804 302 1863 ροιῖοςἿις,
337 1794 546 1866 issqut9
588 1804 725 1865 φυγῶν
750 1801 1012 1865 οἰγοροινίμον.
1077 1795 1409 1866 Ᾱγθέζθΐὶαῖθγ

116 1869 355 1940 quidam,
390 1872 605 1941 fugiens
643 1868 947 1932 Amnem,
1014 1870 1223 1943 inznzifit
1254 1869 1316 1944 se
1352 1873 1411 1926 in

108 1946 413 2016 proximam
440 1942 756 2006 tabernam,
797 1939 872 2009 &³
912 1943 1102 1997 incidit
1139 1947 1195 1999 in
1235 1961 1413 2001 canem

99 2014 352 2088 ferocem.
428 2015 611 2071 Nemo
638 2016 840 2088 igitur,
880 2014 936 2070 in
965 2030 1117 2071 tanto
1141 2018 1414 2075 Veterum

116 2091 399 2220 cogiseniu,
440 2092 512 2146 de
552 2083 845 2146 AEdilium
881 2091 1218 2148 coercitione
1255 2091 1408 2149 dubi-

116 2177 172 2220 ta
212 2180 270 2220 it.

187 2247 242 2304 5.
284 2240 411 2296 VII.
465 2238 571 2296 Sed
616 2239 858 2296 nondum
905 2257 1092 2296 omnes
1137 2239 1411 2307 vidimu33

126 2314 222 2386 qui
248 2314 315 2370 ad
343 2314 547 2371 cultum
578 2313 636 2369 δε
664 2315 869 2373 victum
900 2315 1272 2389 quotidianum
1313 2332 1408 2371 ne-

121 2386 337 2450 cessaria
361 2389 741 2465 negotiantur:
779 2408 894 2464 yox
919 2390 1062 2450 enim
1085 2392 1409 2466 utensilium,

1304 2481 1409 2537 qua
