1641 2784
403 119 1074 166 ETMUNICIPIIS.
1326 123 1376 173 i}

112 221 192 276 nis
220 218 458 276 omnium
485 219 814 293 populorum
838 236 988 285 m08,
1027 217 1119 291 qui
1162 216 1387 274 colonos

113 296 457 351 conditorum
501 296 716 348 suorum
752 292 906 346 sacris
950 290 1256 363 addicebat;
1305 292 1390 347 uti

111 388 179 423 ex
207 367 436 438 antiquis
465 365 745 421 auotorum
789 364 847 418 &
893 366 1235 421 nummorum
1274 383 1392 420 mo·

113 444 379 498 numentis
412 440 487 494 Ill.
518 437 870 509 Spanhemius
900 437 965 492 de
996 438 1172 494 Praest.
1203 438 1260 493 δε
1295 439 1393 495 usu

114 515 295 569 numis.
345 510 450 567 diff.
498 512 598 567 IX.
642 510 851 567 abunde
902 510 1230 567 monstravit.
1303 511 1394 568 Sic

113 584 407 659 Dionysius
437 583 762 658 Tyrrhenos
790 599 955 658 negat
977 583 1263 657 Lydorum
1290 582 1395 640 ess'e

115 663 334 716 colonos
345 697 364 724 ,
405 658 552 730 quod
578 658 796 714 eosdem
824 658 953 713 deos
979 674 1092 713 non
1115 656 1394 725 haberent,

113 736 199 789 lib.
229 733 266 786 Ι.
298 750 413 804 cap.
448 749 530 802 30.
573 733 768 789 Strabo
805 732 973 788 refert
1001 730 1067 786 de
1110 730 1398 788 Phocaeen-

112 807 285 870 iibus,
337 807 480 877 quod
522 806 578 861 in
627 807 855 862 coloniis
907 805 1009 860 suis
1052 804 1231 877 primo
1271 806 1396 861 loco

112 881 344 935 Dianam
391 877 674 951 Ephefiam
718 882 1019 946 coluerim,
1084 877 1143 933 &
1179 877 1248 933 ad
1288 882 1400 947 eJus

114 953 506 1019 imitationem,
547 954 682 1008 ritus
727 958 779 1025 8(
816 951 1185 1015 simulacrum,
1233 968 1402 1025 prout

112 1027 169 1081 in
222 1029 544 1097 metropoli,
585 1026 950 1094 instituerint,
999 1026 1089 1083 lib.
1134 1027 1232 1082 IV.
1276 1043 1400 1099 pag.

121 1114 237 1170 179.
295 1100 502 1156 Eodem
557 1102 831 1173 pertinet,
881 1101 1029 1174 quod
1084 1100 1396 1174 Corcyraeis

116 1172 433 1229 Corinthios
464 1175 692 1231 infensos
728 1174 909 1242 fuilse,
963 1173 1143 1232 scribit
1189 1172 1404 1230 Diodo-

112 1264 203 1301 rus
223 1285 240 1312 ,
294 1250 418 1317 quia
439 1287 457 1314 ,
487 1267 640 1304 more
680 1250 1006 1322 reliquarum
1033 1248 1402 1314 coloniarum,

114 1320 256 1374 sacra
293 1323 468 1391 patria
522 1322 849 1379 Corinthum
897 1325 1113 1379 mittere
1153 1323 1406 1395 neglexe-

115 1411 270 1458 rant,
308 1394 398 1449 lib.
437 1396 561 1451 XII.
597 1397 857 1455 Biblioth.
899 1417 1014 1471 cap.
1047 1414 1134 1467 30.
1207 1396 1297 1450 De
1326 1388 1406 1450 A·

116 1468 434 1540 grigentinis
481 1470 739 1543 Polybius
771 1471 860 1526 lib.
895 1472 996 1526 IX.
1043 1488 1154 1541 cap.
1185 1485 1257 1523 21.
1336 1471 1407 1525 In

100 1541 295 1614 flammo
323 1546 527 1597 vertice
570 1546 843 1600 Minervae
882 1547 1012 1600 aedes
1055 1545 1276 1617 vg‘fitur,
1331 1541 1408 1610 &⁹

118 1614 272 1683 Jovis
301 1616 567 1685 Atabyrii
581 1655 599 1682 ,
640 1619 782 1691 ficut
812 1619 955 1689 apud
981 1617 1208 1672 Rhodios
1232 1637 1248 1666 .-
1287 1632 1410 1670 nam

120 1704 264 1759 quum
302 1690 625 1745 Rhodiorum
670 1692 866 1747 colonia
896 1692 966 1763 sit
1006 1691 1405 1760 Agrigentum,

105 1779 235 1830 jure
271 1766 458 1818 merito
499 1763 584 1818 hic
636 1765 776 1820 Deus
838 1765 1005 1821 eodem
1048 1765 1248 1818 nomine
1287 1764 1413 1819 coli-

119 1843 248 1898 tur,
287 1846 444 1907 atque
467 1838 611 1909 apud
649 1839 896 1894 Rhodios.
975 1837 1198 1891 Curtius
1231 1832 1414 1891 suffra-

116 1921 308 1977 gatur,
366 1909 453 1964 lib.
510 1911 609 1964 IV.
651 1929 836 1981 σαμε..
893 1909 1414 1983 Carthaginiensium

120 1982 290 2049 legati
333 1983 410 2036 ad
448 1984 813 2039 celebrandum
855 1984 1279 2057 anniversarium
1319 1986 1416 2059 sa·

117 2071 261 2106 crum
308 2071 446 2110 more
481 2060 667 2127 patrio
709 2069 833 2113 tunc
885 2067 1178 2122 venerant,
1230 2060 1415 2131 quippe

116 2126 499 2198 Carthaginem
530 2131 687 2202 Tyrii
716 2131 1073 2187 condiderunt.
1142 2126 1413 2203 Apprime

118 2214 301 2255 autem
330 2200 436 2256 huc
463 2202 588 2258 facit
620 2204 748 2259 illud
788 2203 953 2259 divini
997 2204 1290 2275 Scriptoris
1337 2221 1416 2260 te-

114 2271 420 2329 stimonium
448 2276 537 2330 lib.
569 2277 635 2331 ΙΙ.
668 2276 804 2352 Reg.
831 2296 946 2350 cap.
996 2292 1076 2347 17.
1107 2277 1203 2332 ubi
1227 2279 1292 2334 de
1323 2298 1415 2335 co-

114 2346 255 2405 lonis
309 2344 563 2426 Ass'yriis,
604 2351 660 2407 in
691 2351 938 2483 Judgeam
977 2349 1244 2410 deduffls:
1305 2354 1413 2408 Fa-

875 2442 901 2498 ς
1308 2446 1382 2485 cc-
