1641 2784
554 107 951 151 ANNONAE:
1331 114 1413 167 '363⁷

109 209 330 278 rabant3
371 218 742 277 comparatum
784 223 917 260 vero
952 196 1191 261 AEdiles
1228 204 1413 279 invpo-

110 285 299 356 pulum
347 280 666 336 esurientem
710 275 1112 334 distribuebant.
1164 278 1412 338 Undein

112 354 221 412 basi
262 353 541 410 marmoris
580 350 961 419 candidissimi,
1012 353 1104 407 sub
1141 354 1412 412 Praeneste

113 430 354 495 inventi,
417 424 560 498 apud
609 425 836 481 Gruter.
882 442 935 480 n.
984 444 1063 482 12.
1116 446 1242 500 pag.
1282 434 1413 500 489.

117 508 217 560 Cn.
246 499 478 558 Vo'e'sius
508 499 757 555 laudatur
784 516 988 556 AEmms
1016 500 1073 554 δε
1101 501 1286 572 postea
1321 521 1416 562 cv..

117 595 329 635 RATOR.
359 590 567 630 ANNON.
598 590 896 630 TRIENNIO.
925 590 1248 633 coNTleo.
1277 577 1414 634 alius

113 654 247 723 lapis
279 666 538 704 TETTio.
567 665 735 708 RvFo.
755 665 1074 706 CVRATORI.
1091 665 1416 708 FRVMENTI.

119 727 191 782 est
216 724 498 795 inscriptus
536 723 680 795 apud
710 722 945 780 Fabrett.
987 741 1102 795 cap.
1132 744 1185 779 x.
1229 742 1281 779 n.
1326 731 1416 784 28.

116 800 264 856 Huic
291 815 423 853 vero
453 799 658 853 nummi
688 796 754 852 ad
791 797 1123 852 frumentum
1162 810 1418 854 coemen-

117 874 246 928 dum
272 872 337 926 de
366 872 585 943 publico
612 871 907 938 dabantur,
948 888 1010 927 ut
1035 873 1275 944 personae
1304 887 1415 928 tan-

118 964 235 1001 tum
258 946 402 1001 vices
435 945 747 1012 sustineret,
787 947 1177 1018 necquicquam
1217 946 1285 1001 de
1320 947 1420 1002 suo

118 1020 486 1092 impenderet,
526 1021 558 1074 l.
585 1020 681 1091 fin.
718 1027 770 1084 55.
806 1020 855 1073 8.
884 1023 965 1074 D.
1000 1022 1061 1076 de
1101 1037 1237 1076 mun.
1279 1021 1313 1076 l.
1361 1037 1417 1076 2.

117 1103 171 1158 5.
199 1112 249 1163 4.
283 1094 364 1145 D.
391 1094 452 1148 de
473 1092 770 1163 administr.
797 1112 914 1150 rer.
960 1096 1037 1150 ad
1061 1098 1211 1151 civit.
1265 1092 1420 1160 Qud

118 1166 159 1222 fi
185 1183 318 1221 vero
346 1164 435 1221 hic
466 1185 584 1223 eam
613 1170 898 1238 pecuniam
928 1169 1188 1234 retinuit,
1230 1182 1326 1222 aut
1362 1173 1422 1222 in

118 1243 250 1296 alios
300 1239 418 1294 usus
444 1277 463 1306 ,
517 1260 676 1313 quam
716 1243 908 1313 quibus
960 1258 1078 1297 erat
1120 1239 1423 1306 destinata,

120 1314 425 1379 convertit,
466 1315 744 1386 poteritne
787 1317 993 1371 civitati
1031 1315 1425 1387 compensatio-

118 1407 241 1443 nem
267 1406 549 1459 opponere
579 1393 690 1457 eius
715 1393 963 1460 pecuniae
983 1428 1002 1456 ,
1044 1407 1206 1461 quam
1225 1386 1324 1444 sibi
1341 1389 1425 1443 vi-

123 1462 286 1517 ciffim
322 1463 617 1533 respublica
670 1481 740 1518 ex
790 1463 897 1518 alio
937 1465 1115 1536 capite
1155 1462 1426 1518 debebat?

122 1536 307 1608 Negat
338 1537 676 1606 Papinianus,
753 1532 873 1591 Aut
905 1539 1046 1591 enim
1074 1551 1296 1592 curator
1327 1553 1427 1608 pe-

126 1611 338 1664 cuniam
378 1627 491 1664 non
532 1607 816 1665 consumsit
840 1647 858 1675 ,
909 1610 968 1664 &
1008 1611 1179 1674 furti,
1231 1610 1318 1664 vel
1357 1608 1426 1664 de

124 1679 344 1736 residuis
376 1719 396 1747 ,
461 1701 527 1738 ex
578 1682 1051 1739 constitutionibus
1094 1682 1320 1751 Traiani
1372 1685 1429 1738 &c

126 1756 387 1810 Hadriani
419 1771 666 1823 tenetur,
708 1775 828 1828 quae
861 1776 1080 1814 omnem
1120 1755 1430 1828 compensa·
1464 1770 1470 1776 ·

128 1831 332 1884 tionem
366 1831 691 1897 excludunt,
731 1832 766 1886 l.
802 1836 888 1888 81.
919 1834 992 1887 D.
1020 1833 1079 1887 de
1103 1829 1253 1901 furt.
1293 1832 1328 1885 l.
1369 1843 1429 1901 4.¹

126 1911 181 1967 ς.
210 1920 262 1973 4.
293 1904 365 1957 D.
402 1905 482 1960 ad
516 1906 674 1976 legem
717 1903 833 1974 Jul.
878 1907 1035 1979 pecul.
1078 1920 1172 1960 aut
1219 1923 1336 1960 eam
1372 1904 1433 1959 in

130 1978 266 2032 alios
293 1977 447 2044 usuS,
487 1981 637 2033 velut
660 1978 717 2032 in
746 1996 884 2052 opus
910 1981 1227 2036 balneorum
1253 1977 1432 2051 publi-

130 2069 353 2117 corum,
393 2052 539 2107 bona
567 2051 673 2108 fide
700 2055 979 2128 erogavit,
1020 2054 1078 2109 δε
1105 2052 1281 2109 rursus
1319 2052 1434 2125 pla-

133 2127 246 2182 cuit
272 2143 395 2180 eum
422 2126 797 2199 condemnari3
837 2130 963 2200 quia
994 2129 1225 2185 summus
1264 2144 1436 2183 anno-

138 2218 221 2255 nae
249 2199 404 2255 favor
430 2202 705 2274 exposcit,
751 2221 819 2259 ne
845 2204 1041 2260 solutio
1078 2202 1321 2276 pecuniae
1361 2199 1432 2257 ad

139 2291 407 2330 annonam
463 2275 734 2333 destinatae
772 2277 1292 2353 compensationibus
1345 2292 1432 2331 re·-

143 2349 422 2420 tardetur,
460 2352 492 2410 l.
518 2352 606 2425 46.
635 2358 687 2419 §-
719 2365 764 2427 ς.
801 2354 877 2428 Β,
906 2354 970 2415 de
998 2354 1126 2427 jure
1148 2351 1264 2428 fisci
1300 2351 1336 2410 l.
1374 2356 1435 2478 ἑὲ
