1641 2784
471 131 994 175 CIVITATUM.
1296 123 1372 176 '305

75 228 226 285 niani
273 224 468 294 messe,
518 227 718 284 steriles
772 243 953 283 avenae
996 223 1373 287 dominantur,

71 321 206 377 age,
249 318 317 357 ex
344 300 625 357 libriistius
669 301 1010 373 fragmentO,
1052 297 1373 366 ceterisque,

76 395 199 448 quae
241 393 311 430 ex
348 391 542 449 magno
593 375 878 448 naufragio
935 373 1241 444 supersunt,
1296 369 1375 422 in·

75 450 430 522 scriptionum
462 447 683 509 tabum,
723 445 934 502 dicendi
970 446 1251 500 materiem
1279 460 1378 513 pe-

75 540 286 592 tamus;
343 522 399 576 &
439 538 726 576 munerum
769 521 969 592 paritas
1016 539 1137 574 cum
1181 517 1378 573 AEdili-

77 597 178 652 bus
216 594 506 660 Romanis2
557 611 812 668 'magnam
842 593 1000 648 nobis
1043 595 1212 648 facem
1241 609 1376 662 prae-

78 669 316 734 lucebit,
366 686 525 740 quam
569 670 720 724 velut
768 666 1104 724 certiffimam
1154 668 1377 738 cynosu-

78 761 195 798 ram
245 743 541 811 sequemur.
618 740 835 797 Tullius
881 740 1144 796 AEdilium
1202 742 1379 793 Curu-

87 818 219 871 lium
248 812 424 870 officia
451 815 620 872 tribus
646 814 727 870 his
766 811 945 871 verbis
977 813 1376 885 compleffitur,

77 889 166 945 lib.
185 889 277 943 III.
293 887 359 944 de
375 890 481 964 leg.
504 908 548 946 e.
571 908 619 960 3.
638 906 850 948 SVNTO.
867 903 1377 944 AEmLEscvRATo-

83 979 201 1019 REs.
267 978 451 1018 vltms.
513 979 790 1020 ANNONAE.
844 978 1244 1027 LVDORUMQJE
1285 977 1377 1015 so-

81 1053 348 1092 LEMNIVM
436 1036 640 1092 Eadem
665 1057 797 1092 vero
827 1039 880 1092 in
913 1036 1137 1091 coloniis
1184 1035 1240 1088 δε
1267 1052 1379 1087 mu-

79 1111 288 1181 nicipiis
327 1107 461 1164 adeo
478 1111 756 1183 perspicua
787 1108 1236 1182 deprehendimus
1262 1146 1278 1171 ,
1315 1122 1378 1160 ut

82 1182 214 1238 nihil
251 1180 348 1247 fit,
389 1201 486 1238 cur
527 1186 590 1240 de
629 1185 692 1240 iis
729 1184 1080 1241 dubitandum
1113 1182 1375 1235 videatur.

82 1253 168 1312 Ac
204 1258 437 1327 primum
478 1260 693 1328 quidem
728 1277 856 1313 cura
886 1259 1164 1313 civitatum
1208 1255 1376 1308 tribus

81 1333 313 1385 maxime
343 1333 583 1401 partibus
629 1332 945 1386 absolvitur:
1002 1330 1281 1384 curatione
1311 1346 1378 1381 ae·

85 1404 265 1470 dium,
307 1404 613 1460 balnearum
655 1413 708 1459 ὃ(
737 1407 960 1459 viarum.
1036 1399 1231 1458 AEdes
1263 1404 1377 1456 alite

86 1478 209 1532 sunt:
246 1477 511 1549 publicae,
554 1480 668 1534 aliae
710 1482 966 1551 privatae:
1018 1494 1271 1546 utrasque
1302 1477 1382 1529 in·-

85 1551 305 1607 choatas
335 1553 718 1619 consummari,
738 1554 939 1608 dirutas
970 1568 1242 1622 reparari,
1272 1549 1380 1603 rui-

85 1643 207 1679 nam
258 1626 568 1682 minitantes
621 1628 797 1682 fulciri
838 1625 1107 1695 jubebant.
1186 1624 1382 1676 Praete-

87 1715 181 1752 rea
215 1698 319 1753 hoc
354 1699 477 1772 ipsis
526 1702 736 1774 negotii
776 1702 959 1756 datum
1004 1699 1138 1762 fuit,
1192 1714 1384 1750 cavere

89 1772 406 1844 diligenter,
460 1793 525 1830 ne
578 1775 803 1831 aedificia
857 1773 1254 1845 conflagrarent
1303 1771 1385 1824 in·

89 1846 323 1910 cendiis,
363 1865 499 1903 neve
529 1868 798 1904 marmora
828 1851 904 1904 eis
935 1845 1379 1913 detraherentur-3

90 1936 156 1973 ne
193 1920 571 1976 recumberent
597 1924 863 1995 parieteS,
906 1939 999 1976 aut
1025 1937 1269 1975 ventrem
1309 1917 1385 1970 fa-

91 2008 278 2048 cerent
311 1992 368 2046 in
395 1996 704 2066 publicum,
755 1997 841 2051 vel
880 1995 1046 2068 spatia
1086 1995 1385 2065 platearum

89 2067 534 2139 angustarentur:
576 2072 632 2125 in
693 2070 927 2133 summa,
991 2068 1281 2129 curabant,
1316 2082 1383 2118 ne

92 2140 434 2214 symmetria,
507 2142 778 2215 adspetftus
833 2143 890 2197 δε
930 2143 1090 2197 facies
1139 2138 1384 2212 publica,

93 2214 183 2269 cui
207 2215 436 2272 immane
467 2235 727 2288 quantum
754 2216 1032 2271 studebant
1061 2216 1216 2270 urbes
1250 2231 1387 2280 opu-

95 2289 290 2352 lesstaea
347 2293 456 2344 ullo
516 2291 681 2346 modo
739 2291 1147 2346 deformaretur.
1229 2287 1388 2340 Enim

95 2378 227 2428 vero
241 2361 540 2438 superbam
557 2366 781 2423 coloniis
800 2362 1205 2429 celebrioribu3‚
1226 2365 1388 2416 etiam

773 2439 831 2496 V
1285 2432 1389 2502 pri-
