1641 2784
452 111 550 152 ET
605 106 1124 151 nomiminis,
1391 122 1435 167 ις

139 217 253 270 dem
293 213 375 267 die
410 207 597 279 hostes,
660 207 778 261 dein
816 208 959 261 cives
999 204 1266 263 habuerit.
1347 207 1435 263 In-

138 287 325 361 primis
352 299 531 339 autem
560 279 759 335 Cicero
776 278 1002 349 idipsum
1016 280 1298 355 magnifice
1322 281 1437 338 lau-

138 363 262 426 dat,
294 360 349 412 in
382 376 443 413 ea
470 372 572 428 pro
600 351 874 407 Cornelio
917 352 1088 409 Balbo
1124 372 1239 425 cap.
1273 356 1429 411 XIII.

136 436 231 490 ubi
263 432 428 487 verba
456 433 568 497 ejus
599 426 721 498 sunt
761 425 1065 497 sequentia:
1121 429 1270 485 Illud
1299 447 1433 486 vero

130 512 238 584 fine
264 508 373 562 ulla
406 503 732 558 dubitatione
756 502 982 555 maxime
998 500 1220 570 nestrum
1238 505 1434 572 funda»

121 579 222 637 ‘vit
247 580 519 650 imperium
550 572 624 642 ἐξ
668 574 841 647 populi
878 573 1104 628 Romani
1132 593 1301 631 nomen
1338 596 1433 638 au,-

135 659 252 719 xit‚
293 651 421 723 quod
456 652 704 722 princeps
747 648 837 703 ille
878 658 1103 703 creator
1130 649 1275 720 hujus
1321 653 1434 707 Ur-

134 730 212 783 bis
244 726 517 789 Romulus,
549 719 759 795 foedere
787 721 983 777 Sabino
1019 723 1230 788 docuit,
1268 729 1432 782 etiam

131 798 346 869 hostibus
398 796 708 868 recipiendis
748 798 942 867 augeri
970 795 1118 851 'hanc
1153 800 1432 856 civitatem

130 884 389 946 oportere.
465 871 619 939 Cujus
669 867 994 926 austoritate
1053 868 1129 938 599.
1167 876 1428 944 exemplo,

130 963 390 1019 nunquam
420 945 489 1000 eli
526 943 819 1015 intermiffa
854 962 890 999 a
919 944 1208 1014 majoribus
1239 945 1430 1017 nostris

131 1022 363 1091 largitio
390 1018 463 1086 59⁹
486 1020 881 1074 'communicatio
908 1022 1171 1075 civitatis.
1223 1013 1305 1074 At
1335 1021 1428 1092 qui

127 1112 281 1148 more
308 1091 478 1147 isthoc
509 1110 539 1145 a
559 1092 798 1146 Romulo
830 1092 1030 1148 tradito
1050 1092 1116 1148 'in
1152 1094 1430 1150 civitatem

125 1168 372 1239 recepti,
429 1168 571 1222 cives
609 1165 843 1220 Romani
889 1182 1046 1221 erant
1085 1171 1140 1220 δε
1177 1168 1427 1224 diceban*-

128 1257 245 1296 tur:
287 1240 448 1295 fluxit
516 1254 696 1294 autem
759 1240 952 1295 exinde
1001 1241 1426 1314 municipiorum

124 1314 626 1370 constituendorum
654 1313 1003 1369 consuetudo.
1086 1314 1233 1371 Nam
1262 1335 1422 1384 cum,

124 1389 271 1443 Urbe
301 1407 330 1442 a
360 1387 528 1444 Gallis
559 1405 749 1460 capta,
793 1389 1033 1444 Caeretes
1063 1387 1207 1445 sacra
1242 1404 1424 1463 popu-

119 1464 157 1517 li
182 1463 414 1517 Romani
437 1481 498 1516 ac
525 1463 823 1517 sacerdotes
852 1461 1203 1534 recepissent,
1244 1464 1423 1536 publi-

120 1556 180 1591 ce
206 1555 327 1591 cum
359 1537 421 1591 iis
437 1536 672 1608 hospitio
691 1536 839 1591 facto·
851 1531 920 1591 A.
940 1538 1007 1591 U.
1031 1537 1092 1592 C.
1113 1555 1311 1593 CCCLxl
1332 1556 1351 1592 1
1371 1556 1420 1592 1.

119 1610 423 1665 concessum
457 1610 560 1677 est,
612 1626 674 1665 ut
713 1611 945 1665 civitatis
981 1610 1200 1681 quidem
1241 1610 1419 1666 hono-

117 1702 234 1738 rem
258 1699 549 1758 caperent,
588 1685 824 1760 negotiis
866 1700 1044 1740 tamen
1073 1688 1225 1753 juxta
1251 1699 1417 1756 atque

118 1760 372 1814 oneribus
420 1777 691 1814 vacarent.
768 1758 924 1814 Unde
981 1758 1144 1831 primi
1188 1759 1416 1814 munici-

119 1849 214 1901 pes
231 1835 346 1906 stne
371 1832 631 1908 suffragii
659 1835 785 1906 jure
832 1833 1101 1888 dicuntur.
1144 1852 1194 1888 v.
1219 1831 1414 1888 Livius

114 1904 205 1958 lib.
230 1909 297 1959 V.
318 1926 431 1978 cap.
465 1922 546 1975 50.
571 1908 853 1962 &Gellius
876 1907 968 1961 lib.
994 1907 1152 1961 XVI.
1173 1924 1288 1979 cap.
1326 1923 1410 1977 13.

114 1976 312 2050 Neque
354 1981 495 2036 enim
534 1981 615 2034 his
659 1981 856 2036 licebat
904 1979 1411 2062 Magistratumffia-

112 2069 243 2123 pere
283 2069 375 2108 aut
402 2072 626 2129 gerere,
665 2055 751 2110 sed
788 2071 998 2111 tantum
1021 2056 1258 2111 muneris
1287 2072 1412 2127 par-

113 2141 221 2180 tem
234 2166 252 2193 ,
294 2144 355 2182 ut:
383 2149 434 2182 v.
467 2149 509 2185 c.
543 2130 598 2185 In
628 2129 768 2184 bello
809 2128 1410 2204 Romanis'legionibus

110 2201 298 2268 mixti,
341 2217 593 2274 tanquam
619 2205 762 2259 cives
786 2203 1054 2271 Romani,
1097 2222 1208 2260 non
1235 2204 1291 2258 in
1317 2221 1411 2258 au-

108 2275 284 2337 xi'iix,
322 2292 383 2330 ut
412 2277 571 2342 socii,
624 2279 883 2345 militare,
937 2280 1119 2350 ibique
1166 2277 1408 2333 honores

108 2350 352 2423 accipere
406 2353 678 2409 communi
728 2357 844 2423 jure
899 2353 1127 2428 pollent.
1212 2352 1406 2475 Οπῖρὶα

1316 2439 1403 2478 10c
