1641 2784
221 140 268 180 3⁴
453 105 1243 165 CAP.1.DECOL0N115

223 220 639 296 provincialium
682 212 876 279 stam,
956 229 1125 287 prout
1193 217 1260 272 de
1308 225 1513 294 populo

224 297 473 352 Romano
502 288 703 343 militiae
729 297 1076 356 meruerant,
1127 306 1220 344 aut
1259 292 1405 350 domi
1443 297 1516 352 se-

225 370 431 425 ditione
462 362 829 434 deliquerant,
881 364 1028 417 varie
1089 381 1325 420 mutatus
1377 369 1515 436 fuit,

223 445 421 497 mirum
448 437 504 492 in
531 435 751 490 modum
781 435 983 492 diversa
1011 436 1153 493 istaec
1184 440 1511 511 oppidorum

223 511 547 586 appellatio,
585 527 691 565 una
732 528 854 565 cum
896 529 1086 565 eorum
1121 514 1361 582 juribuS,
1423 515 1517 570 ob-

221 590 430 643 scurata
458 583 530 640 est
541 599 560 646 ,·
599 583 735 639 adeo
752 599 834 649 ut,
852 584 1169 640 oblitterato
1197 587 1410 643 tandem
1426 607 1515 644 co-

222 664 476 716 lonorum
499 658 751 723 nomine,
789 658 1033 730 plerique
1073 659 1122 713 se
1163 659 1220 714 δε
1263 662 1380 716 suos
1426 680 1517 718 cu-

220 741 410 805 jusque
445 732 595 787 urbis
619 739 787 790 πολίταις
817 735 1085 804 municipes
1111 735 1378 804 appellare
1405 754 1514 790 ma-

182 806 433 864 duerint.
510 804 630 859 Nec
657 806 820 878 longe
858 803 1016 872 hujus
1057 805 1387 862 confulionis
1425 828 1516 863 ex-

221 882 399 954 empla
439 880 557 935 sunt
615 876 932 948 quaerenda:
986 896 1108 933 cum
1154 879 1210 933 in
1254 884 1515 948 nummis,

214 951 652 1025 'inscriptionibus
679 955 728 1003 &
759 949 1158 1006 Historicorum
1202 952 1348 1006 libris
1389 956 1510 1009 satis

217 1027 322 1085 fint
358 1027 548 1092 obvia,
590 1029 643 1078 δε
683 1023 869 1097 paffim
909 1044 939 1078 a
979 1025 1109 1079 viris
1159 1026 1380 1081 eruditis
1420 1028 1515 1083 ob-

219 1103 439 1158 servata.
518 1099 716 1170 Neque
743 1115 875 1154 vero
907 1116 969 1152 ea
1001 1099 1064 1152 ab
1093 1098 1279 1154 audaci
1316 1102 1512 1156 Poeta-

216 1186 339 1231 'rum
365 1174 584 1230 natione
608 1171 849 1227 infimive
888 1170 1109 1227 subsellii
1155 1172 1511 1244 scriptoribus

218 1266 436 1322 petam,
478 1249 571 1320 qui
602 1245 840 1316 ejusdem
869 1245 976 1299 loci
1011 1248 1244 1300 cultores
1270 1248 1327 1301 δε
1365 1249 1507 1303 cives

217 1323 517 1394 municipes
565 1335 767 1375 vocant
808 1315 1029 1386 (videsis
1070 1318 1379 1374 Martialem
1417 1322 1506 1376 lib.

216 1392 290 1453 X.
322 1397 491 1472 epigr.
530 1395 658 1462 66.)
696 1392 782 1448 sed
808 1410 918 1447 non
949 1394 1131 1464 paullo
1174 1393 1422 1449 castiores
1451 1396 1509 1449 δε

216 1469 499 1524 summates
531 1466 780 1523 auctores
811 1465 964 1522 dabo.
1041 1467 1154 1540 Ipse
1192 1468 1332 1521 enim
1368 1469 1508 1522 Tul-

211 1542 347 1608 lius,
397 1543 453 1597 in
491 1539 822 1597 observando
861 1557 1058 1594 vocum
1107 1557 1287 1595 earum
1333 1540 1506 1596 discri-

213 1616 357 1671 mine
398 1631 577 1671 cetera
610 1612 1089 1678 μοοηιίὶεῑηῑὶίῖὶιῃυ39
1143 1614 1198 1668 in
1237 1614 1503 1689 fragmen-

213 1705 273 1744 to
315 1689 455 1744 initii
498 1687 762 1744 orationis
800 1687 856 1741 in
901 1686 967 1741 L.
1009 1686 1252 1741 Pisonem
1294 1688 1351 1741 &
1387 1702 1506 1759 cap.

212 1780 299 1833 23.
346 1761 674 1819 Placentiam
724 1759 1078 1832 municipium
1123 1775 1285 1815 vocat
1309 1799 1328 1827 ,
1381 1779 1503 1832 quae

206 1848 417 1903 tamen,
483 1834 630 1910 quod
687 1851 1054 1908 magnopere,
1110 1833 1168 1888 ὅτ,
1215 1834 1502 1906 plusquam

208 1910 534 1980 oportebat,
585 1905 832 1964 haesitans
876 1908 1140 1964 Asconius
1194 1907 1270 1963 ibi
1310 1923 1498 1976 notat,

203 1982 297 2038 sub
324 1983 639 2039 Hannibalis
669 1982 963 2038 adventum
990 1981 1046 2036 in
1086 1982 1314 2049 Italiam,
1352 1982 1499 2037 colo-

199 2056 295 2110 nia
324 2056 550 2113 deducta
574 2058 710 2123 fuit,
753 2055 810 2110 &
832 2055 940 2112 hoc
969 2056 1187 2111 nomine
1217 2055 1358 2127 apud
1385 2054 1497 2109 Ta·

206 2130 376 2185 citum
410 2130 498 2184 lib.
542 2132 607 2186 II.
657 2129 862 2186 Histor.
906 2148 1019 2203 cap.
1068 2146 1147 2200 19.
1194 2127 1499 2202 inlignitur·

195 2202 354 2258 ‘Idem
406 2202 622 2258 Tullius
664 2204 753 2258 lib.
801 2204 938 2260 XIII
999 2222 1083 2277 ep.
1135 2220 1212 2273 13.
1252 2201 1493 2269 Lucam,

195 2273 433 2332 Tacitus
466 2294 599 2331 vero
638 2275 726 2330 lib.
757 2277 852 2333 ΙΙΙ.
893 2276 1026 2332 Hist.
1068 2294 1180 2348 cap.
1217 2291 1299 2344 33.
1361 2276 1493 2331 Cre-

196 2352 421 2409 monam
454 2348 809 2424 munIe-ipium
859 2351 1122 2425 appel-lat,
1183 2365 1302 2420 quae
1342 2350 1489 2430 colo-

1385 2440 1489 2479 111ae
1561 2470 1565 2471 γ
