1641 2784
334 130 618 176 CREANT.
653 129 736 169 ET
765 129 841 168 EX
877 127 1007 178 Qvo
1041 127 1114 167 &a
1312 138 1380 181 143

93 239 149 298 §-
183 246 227 300 ς.
258 230 329 283 D.
372 227 429 282 de
473 240 666 281 muner.
711 218 974 292 Apuleius
1017 222 1112 278 hb.
1151 222 1225 280 X.
1267 222 1385 280 Me-

96 324 220 361 tam.
261 305 336 358 Ut
358 301 465 365 ejus
487 294 739 371 prosapia
771 305 928 365 atque
956 296 1190 366 dignitas
1225 296 1385 370 postu-

98 380 273 442 labat,
305 374 580 446 gradatim
594 369 865 440 permenfis
878 368 1187 436 honoribus,
1224 370 1386 442 Quin-

98 450 337 525 quennali
354 438 887 517 maggssratuificerat
900 441 1191 510 destinatus.
1222 448 1386 505 Tem-

97 545 232 598 PUS,
291 539 399 594 quo
452 515 748 572 nominatio
791 513 981 579 fieret,
1045 535 1154 572 non
1208 518 1387 574 ubivis

98 599 272 662 idem,
312 610 410 648 nec
442 605 650 646 certum
676 588 924 642 fixumve
960 588 1110 644 fuiffe
1139 590 1384 651 videtur:

100 674 280 727 multae
333 665 534 737 quippe
587 661 829 719 civitates
881 661 1102 733 Imperii
1154 663 1386 723 Romani

100 742 350 819 proprios
379 755 646 792 annorum
674 734 1005 791 chara6keres
1042 736 1382 808 habuerunt,

101 834 275 888 neque
310 812 673 868 kalendarium
711 809 984 884 Julianum
1018 813 1137 866 {unt
1173 810 1385 869 seeutae.

98 889 455 947 Lavmiorum
495 888 636 941 enim
686 902 853 938 annus
898 885 1156 940 tredecim
1195 886 1389 941 menfi-
1478 882 1481 885 ’

100 966 196 1019 bus
226 961 884 1028 terminabatur2eratque
911 958 1118 1013 dierum
1147 973 1267 1030 374.
1287 975 1383 1029 ut,

98 1054 298 1109 praeter
334 1035 605 1098 Solinnm,
660 1027 993 1105 Augustinus
1029 1033 1241 1099 scribit,
1293 1035 1387 1092 lib.

100 1113 230 1166 XV.
260 1109 324 1164 de
355 1108 416 1162 C.
443 1109 514 1162 D.
559 1124 674 1178 cap.
713 1123 794 1160 12.
871 1105 975 1161 Cui
1002 1108 1218 1163 accedat
1245 1107 1388 1164 Cen-

98 1185 301 1239 sorinus
330 1182 394 1236 de
423 1181 508 1236 die
536 1195 643 1235 nat.
671 1197 786 1251 cap.
820 1197 905 1234 20.
930 1193 989 1237 ut
1004 1183 1162 1238 alium
1188 1184 1386 1239 Feren-
1455 1182 1462 1188 '

100 1262 232 1324 tini,
270 1258 425 1313 alium
464 1256 715 1319 Lavinii‚
754 1257 972 1327 itemque
1012 1257 1247 1323 Albani,
1300 1258 1392 1315 vel

99 1334 322 1388 Romani
336 1330 632 1386 habuerunt
656 1345 842 1383 armum
860 1366 878 1393 ,
919 1332 999 1384 ita
1029 1328 1102 1396 ἐξ
1128 1332 1246 1387 aliae
1261 1348 1386 1402 gen.

101 1418 194 1462 tes.
269 1403 531 1471 Quaedam
568 1402 735 1458 Italiae
762 1402 1004 1457 civitates
1047 1404 1220 1471 dmm,
1275 1421 1389 1475 quo

100 1480 335 1552 primum
361 1477 426 1532 ad
460 1477 510 1531 se
548 1474 770 1531 veniss'et
807 1473 1116 1549 Augustus,
1169 1477 1387 1534 initium

102 1553 227 1608 anni
276 1554 551 1616 fecerunt,
593 1549 815 1604 auc'kore
869 1549 1135 1606 Suetonio
1181 1551 1271 1606 lib.
1315 1552 1385 1611 ΙΙ.

103 1645 218 1698 cap.
254 1638 335 1695 59.
362 1619 501 1679 Aliae
531 1642 563 1677 a
587 1623 799 1678 colonia
815 1623 1033 1677 condita
1048 1642 1215 1679 annos
1239 1643 1388 1680 com-

103 1690 984 1837 ffiuzzfflfflffi
999 1697 1388 1755 Μ

107 1862 204 1901 ter.
230 1862 352 1917 pag.
401 1859 516 1915 113.
556 1862 608 1898 n.
657 1861 703 1898 2.
742 1845 799 1899 δε
848 1840 951 1900 ΑΒ
1021 1843 1388 1906 COLONIA

106 1913 471 1973 CONDITA
497 1913 725 1972 ANNO
757 1919 880 1972 XC.
911 1937 1034 1992 pag.
1075 1933 1199 1990 207.
1230 1921 1293 1976 In
1313 1922 1388 1977 la-

102 1991 229 2066 pide
257 1992 534 2063 Campano
554 2029 574 2057 ,
613 1991 756 2063 apud
770 1990 1018 2065 Pighiurn
1043 2008 1173 2049 tom.
1204 2011 1251 2065 3.
1273 1987 1389 2054 An-

103 2067 205 2120 nal.
221 2064 473 2120 dicuntur
486 2066 777 2120 Duumviri
792 2069 957 2121 creati
974 2067 1386 2126 EX.K.SEPT.

103 2138 286 2211 postea
308 2139 430 2194 EX.
459 2140 530 2193 K.
557 2137 712 2193 IAN.
737 2136 845 2195 AD
872 2141 944 2194 K.
975 2136 1125 2197 [AN.
1154 2142 1388 2215 denique

105 2213 227 2268 EX.
255 2213 327 2271 K.
374 2210 527 2268 IAN.
575 2212 702 2268 AD.
742 2214 814 2268 K.
860 2213 1010 2270 IVL.
1085 2216 1197 2272 Sub
1240 2217 1387 2275 Con-

104 2286 297 2342 stantio
349 2303 529 2342 autem
584 2288 901 2361 legebantur
959 2289 1127 2346 tribus
1197 2289 1388 2347 menfi-

108 2360 206 2419 bus
245 2377 370 2418 ante
395 2360 760 2437 magistratum
777 2401 796 2430 ,
834 2363 1090 2423 Kalendis
1132 2363 1385 2431 Mamm,

1238 2440 1268 2494 l,
1300 2443 1383 2498 28.
