1641 2784
287 81 1159 136 CHRISTIANISAEDILITATEM
1185 82 1258 122 &cs
1362 82 1432 122 261

151 209 240 248 cra
285 187 618 261 despuebant.
691 181 1011 238 Prudentius
1046 178 1136 237 lib.
1165 196 1210 234 1.
1243 189 1433 237 contra

156 266 358 339 Symm.
400 262 470 317 vs.
507 273 624 329 579.

511 335 679 400 Qota
704 328 757 380 in
783 328 906 380 urbe
940 327 1037 394 est,

222 411 327 481 Qui
351 408 510 480 Jovis
538 400 774 468 infestam
777 400 920 467 sanie
933 418 1026 452 non
1045 398 1244 469 despuat
1261 397 1436 454 aram?

149 483 423 540 Minucius
456 477 648 532 octav.
689 491 804 543 cap.
840 478 887 529 8.
941 474 1152 543 Templa
1188 485 1248 531 ut
1285 473 1433 544 busta

150 556 451 629 despiciunt,
503 551 635 605 Deos
679 546 955 620 despuunt,
1021 547 1201 602 rident
1249 551 1434 615 sacra.

148 623 293 684 Hinc
339 645 429 681 eos
471 623 537 678 ad
560 620 850 677 custodiam
878 620 1204 690 templorum
1231 621 1435 694 apponi

143 715 330 757 vetant
355 696 760 754 Valentinianus
797 694 1103 759 &Valen3,
1133 693 1189 745 in
1222 695 1253 749 l.
1291 712 1332 748 1.
1377 696 1431 749 C.

150 776 244 831 Th.
281 775 341 828 de
355 773 464 846 fide
497 769 646 826 Cath.
678 769 735 822 ὅτ,
759 763 1104 823 Theodosius
1133 764 1216 820 M.
1247 786 1433 822 curam

145 865 335 902 eorum
371 863 481 900 non
522 859 728 897 tanturn
770 841 1011 912 imponi,
1051 838 1136 894 sed
1179 839 1237 893 &
1286 843 1433 895 ultro

146 921 331 992 suscipi
356 916 735 991 prohibuit,in
762 916 794 971 l.
832 931 950 969 112.
980 916 1031 969 C.
1070 913 1164 969 Th.
1182 913 1240 967 de
1258 914 1430 969 decur.

141 993 374 1062 subjecta
412 993 646 1046 ratione:
700 989 983 1044 indecorum
1018 986 1108 1059 effe
1150 991 1295 1042 immo
1336 991 1358 1055 (
1377 997 1433 1042 ut

143 1072 320 1124 verius
359 1067 616 1131 dicamus)
655 1064 940 1127 inlicitum,
1000 1062 1076 1116 ad
1115 1079 1290 1117 eorum
1347 1079 1433 1116 cu·

146 1160 267 1196 ram
309 1141 500 1212 templa
548 1139 621 1205 &⁹
661 1138 959 1209 templorum
971 1133 1231 1210 sollennia
1263 1138 1431 1206 perti-

146 1233 301 1279 nere,
340 1230 552 1285 quorum
580 1211 932 1282 conscientiam
956 1227 1091 1264 vera
1127 1211 1272 1263 ratio
1306 1209 1432 1263 divi-

147 1306 224 1343 nae
252 1289 514 1358 religionis
545 1285 821 1348 imbuerit,
863 1282 935 1350 ἐξ
978 1299 1097 1355 quos
1128 1284 1254 1355 ipsos
1295 1283 1430 1337 dece-

142 1362 235 1415 bat
257 1362 362 1416 tale
401 1376 607 1423 mamis,
646 1359 845 1432 etiamst
871 1374 967 1411 non
991 1355 1428 1430 prohiberentur,

144 1434 380 1506 effugere.
454 1431 638 1503 Atque
691 1429 807 1484 haec
846 1429 1060 1502 quidem
1090 1429 1196 1483 sola
1230 1428 1433 1483 abomi-

143 1509 368 1562 nandam
405 1507 523 1562 satis
568 1504 862 1558 reddebant
900 1503 1240 1557 AEdilitatem
1279 1500 1431 1556 Chri-

141 1580 348 1634 stianis:
383 1579 470 1633 sed
500 1582 670 1645 major
694 1578 858 1649 longe
884 1578 1023 1629 ratio
1050 1576 1105 1628 in
1132 1576 1266 1629 ludis
1298 1575 1428 1640 fita,

143 1672 375 1724 quorum
407 1652 648 1716 curat-iO,
680 1668 782 1721 pro
810 1651 1068 1721 palmatio
1111 1647 1290 1703 officio
1334 1649 1430 1703 Az-

142 1727 332 1781 dilibus
360 1725 752 1796 imponebatur.
791 1725 910 1777 Hos
933 1741 1066 1778 vero
1097 1720 1292 1776 Christi
1321 1723 1428 1776 cul*-

142 1815 287 1853 tores
314 1837 332 1864 ,
399 1815 648 1870 tanquam
700 1797 1133 1853 cacodaemonum
1165 1797 1386 1850 inventa
1409 1834 1427 1861 ,

139 1873 563 1937 detestabantur,
603 1870 838 1942 nihilque
876 1870 1170 1942 voluptatis
1214 1870 1265 1922 in
1301 1869 1429 1923 insa-

139 1947 226 2000 nia
257 1947 425 2010 circi,
466 1963 559 1999 aut
598 1943 933 2016 turpitudine
978 1943 1208 2008 theatri,
1250 1944 1335 1997 vel
1371 1943 1427 1997 in

139 2038 311 2075 arenae
337 2021 622 2073 atrocitate
658 2017 947 2089 ponebant.
1002 2018 1148 2071 Hinc
1177 2014 1427 2071 Christia-

139 2112 273 2158 nUS‚
307 2092 449 2164 apud
482 2092 776 2146 Tatianum
800 2130 817 2157 ,
870 2091 974 2146 ait:
1014 2092 1323 2147 Praeturam
1349 2107 1426 2146 re·

138 2170 280 2239 cziso:
323 2166 447 2237 quia
498 2164 556 2219 ὅτ,
604 2163 719 2220 haec
756 2165 812 2218 in
855 2182 1138 2219 munerum
1188 2164 1427 2218 editione

139 2237 466 2295 consistebat.
550 2239 622 2292 Et
655 2276 673 2304 ,
727 2235 875 2293 sodes
902 2276 920 2304 ,
978 2255 1136 2309 quam
1168 2253 1426 2292 -cruentae

135 2329 290 2370 erant
319 2312 667 2379 venatione8‚
707 2330 866 2440 quaff
895 2328 1033 2369 tetra
1067 2310 1427 2436 gladiatorsum

896 2402 922 2456 3
1337 2400 1427 2454 Pe·
