1641 2784
320 117 706 163 AEDILITATE
748 117 1195 162 EXCVSANTVR:
1330 120 1407 170 '¹89

119 215 335 291 dignam
361 214 463 272 esse
487 214 835 279 censuerunt,
875 212 974 269 nifi
1000 213 1119 288 quae
1143 214 1404 286 Reip.ali-

125 292 252 361 quid
302 289 668 345 commodaret
696 324 714 350 ,
768 301 831 340 ut
857 288 932 340 ait
958 289 1175 345 Servius
1201 290 1266 344 ad
1293 288 1402 345 VI.

125 363 368 420 AEneid.
397 365 464 419 vs.
493 362 612 419 660.
655 377 759 430 qua
794 359 1005 416 ratione
1044 381 1143 418 nec
1170 362 1406 436 hydrau-

123 441 188 493 1ae
226 436 560 493 immunitate
612 429 779 507 gavisi
809 470 825 496 ,
879 432 911 486 l.
943 451 993 503 4.
1048 438 1099 492 C.
1142 437 1205 491 de
1243 432 1404 510 excas.

124 530 260 569 mun.
288 528 386 565 nec
408 523 690 564 venatores
717 505 749 561 l.
778 507 827 562 6.
855 506 910 558 C.
940 508 1046 562 eod.
1068 510 1307 579 quinimo
1323 525 1406 564 or·

128 587 262 641 dinis
292 582 562 638 ambitiosa
588 580 831 645 decreta,
872 578 927 634 id
954 581 1028 636 est
1056 584 1287 653 gratiosa
1310 584 1408 638 im-

127 659 457 732 probantur,
499 655 725 728 quibuS,
759 669 961 726 praeter
998 654 1295 711 liberalium
1326 674 1409 712 ar-

129 735 261 789 tium
278 729 532 784 antistites
547 769 564 796 ,
607 728 912 783 immunitas
933 729 1125 784 talibus
1149 728 1408 799 dabatur,

128 808 159 863 l.
183 823 224 861 1.
251 802 325 872 ἐφ’)
357 822 403 857 2.
423 805 473 859 C.
492 803 550 859 de
566 805 758 859 decret.
787 802 958 860 decur.
998 795 1259 859 Attamen
1280 805 1412 860 Poe.

128 897 227 944 tae,
269 878 362 949 qui
389 878 602 932 favente
631 877 882 933 Minerva
907 877 1232 948 prodibant,
1267 879 1415 934 omni

123 953 334 1008 honore
350 989 368 1018 ,
395 952 690 1025 privilegiis
706 951 763 1005 &
789 951 1214 1007 immunitatibus
1231 951 1287 1005 in
1299 969 1412 1006 mu-

126 1025 336 1096 nicipiis
368 1026 714 1091 fruebantur,
754 1042 816 1080 ut
846 1026 1042 1082 Cicero
1066 1024 1296 1081 ostendit
1310 1042 1415 1097 pro

127 1097 332 1156 Archia
377 1100 550 1156 Poeta
578 1139 595 1166 ,
650 1101 703 1152 δε
751 1100 983 1155 Ovidius
1025 1102 1296 1175 relegatus
1348 1098 1415 1156 ad

127 1173 377 1231 Tomitas
402 1174 605 1230 lin-IV.
637 1192 704 1228 ex
733 1173 910 1228 Ponto
939 1175 1001 1229 el.
1027 1190 1076 1244 9.
1105 1174 1169 1228 de
1195 1174 1245 1228 se
1270 1172 1417 1245 ipso:

201 1249 318 1304 Nec
344 1248 471 1303 mihi
495 1247 803 1304 credideris:
829 1246 1035 1319 exstant
1047 1248 1258 1304 decreta
1272 1285 1290 1314 2
1310 1249 1418 1321 qui-

421 1322 510 1378 bus
534 1338 621 1378 nos

272 1395 503 1462 Laudat,
522 1395 595 1465 &³
621 1402 862 1454 immunes
888 1397 1092 1467 publica
1109 1413 1237 1452 cera
1248 1392 1414 1466 facit.

206 1472 513 1528 Conveniens
561 1471 787 1546 miseris,
828 1469 901 1539 &³
929 1487 1219 1543 quanquam
1239 1472 1419 1543 gloria

423 1562 517 1600 non
541 1544 643 1615 est,

276 1620 533 1674 Proxima
558 1619 687 1672 dant
710 1617 851 1673 nobis
867 1619 1056 1691 oppida
1069 1636 1240 1676 munus
1265 1619 1417 1674 idem.¹

205 1700 259 1756 §.
300 1692 411 1746 VI.
452 1690 707 1746 Tertium
747 1692 892 1746 inter
933 1711 1060 1758 eOS,
1103 1694 1196 1764 qui
1223 1692 1287 1748 ab
1317 1693 1414 1748 AE-

134 1766 337 1820 dilitate
353 1764 697 1831 excusantur,
733 1767 912 1821 locum
926 1761 1197 1821 Antonini
1225 1765 1413 1838 episto-

131 1842 182 1894 la
211 1840 299 1894 dat
328 1838 737 1906 GrammaticiS,
765 1842 857 1912 qui
883 1842 940 1895 in
967 1841 1151 1895 eadem
1175 1840 1208 1895 l.
1228 1841 1278 1896 6.
1294 1846 1344 1904 §-
1366 1858 1414 1896 Ι.

131 1915 364 1986 primum
403 1915 580 1968 locum
621 1929 804 1969 tenent
831 1952 848 1979 ,
886 1931 997 1969 non
1031 1917 1242 1969 ratione
1269 1913 1416 1969 ordi-

130 1988 211 2041 nis
245 1987 300 2039 &
327 1986 598 2058 dignitatis
617 2026 635 2054 ,
659 1987 744 2042 sed
770 1985 1132 2043 institutionis
1174 1988 1256 2042 Ita
1279 2005 1415 2043 vero

132 2060 375 2116 censebat
416 2062 648 2132 prudens
685 2062 1026 2134 Imperator,
1067 2079 1177 2117 non
1221 2061 1414 2116 divinae

132 2149 340 2189 tantum
377 2132 730 2207 humanaeque
772 2136 1036 2207 sapientiae
1089 2135 1365 2210 magistros
1391 2173 1412 2202 ,

131 2223 225 2262 aut
260 2209 353 2279 qui
387 2208 651 2280 sapienter
683 2211 902 2264 inventa
939 2227 1132 2266 ornatu
1178 2210 1414 2281 quodam

129 2281 390 2337 orationis
446 2286 691 2355 proferre
734 2285 991 2339 docerent
1018 2322 1036 2350 ,
1076 2285 1415 2339 immunitate

129 2355 404 2415 donandos
449 2355 550 2416 effe
583 2379 597 2418 :
645 2358 731 2416 sed
775 2377 868 2416 eos
913 2359 1106 2427 etiam,
1145 2359 1237 2431 qui
1275 2358 1415 2484 dfe?

489 2448 491 2452 ·
1229 2446 1375 2485 utriu
1394 2458 1418 2474 -
