1641 2784
205 116 281 162 290
502 103 629 143 CAP.
656 101 723 143 v1.
749 97 986 148 omns,
1020 100 1133 154 Qvi
1161 107 1238 149 AB

200 204 486 272 utriusque
526 197 726 273 linguae
766 217 950 255 curam
991 203 1246 282 occupati
1275 240 1294 269 ,
1347 205 1496 273 laetis

199 274 518 334 rudimentis
544 312 561 339 ,
603 291 901 346 puerorum
943 292 1148 329 animos
1189 276 1254 331 ad
1288 278 1498 336 virilem

200 348 511 436 sapientiam
545 364 933 420 praepararent.
990 349 1241 406 Socrates
1271 353 1488 422 quidem

198 427 343 481 inter
388 421 492 477 tria
539 425 676 478 mala
718 424 990 479 referebat
1030 423 1495 494 Grammaticum,

196 517 300 554 nec
345 497 604 553 Romanis
639 494 899 554 bellicolis
946 500 1031 552 ars
1070 499 1158 553 illa
1199 500 1494 557 inhonore

198 574 331 631 fuit.
372 570 698 645 posteriores
729 591 863 627 vero
899 572 1052 628 facile
1088 573 1372 640 videbant,
1416 576 1497 628 lit

198 663 343 702 teras
386 646 444 701 &
481 645 793 719 sapientiam
835 646 1110 703 connubio
1153 648 1298 719 quali
1350 648 1495 704 dulci

194 723 341 778 inter
366 723 417 776 se
443 719 545 776 else
583 721 890 787 devinctaS,
944 720 1005 776 id·
1041 724 1188 792 quod
1216 722 1255 776 ii
1284 723 1496 777 dirima-

196 811 290 852 tur
312 795 381 851 ad
405 795 625 851 solidam
653 796 965 868 sapientiam
1000 812 1273 867 nunquam
1304 816 1495 868 perve-

193 870 301 927 niri
339 868 506 942 polse.
582 871 728 925 Hinc
765 872 1098 925 luculentum
1140 871 1270 925 illud
1297 871 1492 925 Gran]

193 946 416 1003 matiees
445 944 683 1019 elogium
700 946 843 1017 apud
861 943 1179 1011 Quintilian.
1199 944 1286 998 lib.
1320 945 1355 997 l
1378 944 1497 999 lust.

195 1020 357 1076 Orat.
385 1037 508 1106 cap.
526 1036 578 1089 4.
631 1019 748 1091 Quo
786 1022 982 1084 mium,
1023 1017 1233 1089 inquit,
1254 1016 1384 1092 fimt
1414 1020 1499 1090 fe·

193 1095 380 1162 rendi,
419 1093 508 1168 qui
547 1094 682 1150 hanc
717 1105 926 1159 artem,
968 1103 1028 1148 ut
1062 1103 1259 1147 tenuem
1283 1111 1347 1147 ac
1375 1094 1496 1164 jeju

193 1187 419 1233 nam,c
390 1169 757 1223 cavillantur:
796 1185 907 1241 quae
933 1169 1025 1239 mss
1061 1170 1274 1221 oratori
1300 1162 1494 1236 flatum

183 1242 535 1330 fundamenta
558 1241 792 1311 fidelzter
796 1244 1037 1312 Jecerzt
1054 1241 1298 1313 quthmd
1305 1240 1496 1315 super

180 1317 457 1390 struxeris
488 1352 507 1379 ,
556 1328 806 1371 corruet:
855 1312 1135 1387 neceffaria
1164 1319 1344 1387 pueris
1359 1352 1377 1379 ,
1407 1334 1494 1386 Ju-

192 1391 359 1448 cunda
373 1389 616 1458 senibus
658 1390 816 1445 dulcis
832 1388 1156 1462 secretorum
1186 1402 1373 1452 comes,
1419 1388 1494 1456 ἐξ

196 1483 311 1538 quae
340 1462 552 1538 velsola
576 1480 635 1518 m:
633 1481 706 1519 1111
699 1462 1012 1533 studiorum
1030 1479 1226 1535 genere
1242 1500 1258 1526 ,
1270 1426 1388 1534 plu's
1403 1462 1494 1518 ha-

195 1541 284 1596 bet
324 1540 530 1620 operis,
567 1554 722 1610 quam
745 1536 1110 1609 ostentationis.
1151 1536 1290 1590 Tria
1313 1554 1495 1591 autem

194 1611 696 1669 Grammaticorum
723 1629 925 1693 genera
960 1612 1198 1692 Scaliger
1226 1609 1495 1677 distinxit,

195 1688 286 1743 lib.
332 1686 443 1741 IV.
478 1684 628 1757 epist
653 1699 782 1756 45¹1.
833 1685 922 1740 alii
949 1702 1092 1740 enim
1122 1698 1276 1739 erant
1301 1704 1499 1756 τεχνικο),

196 1762 292 1835 qui
320 1759 714 1833 primasliteras
737 1759 1033 1816 docebant:
1074 1759 1202 1815 alii
1190 1776 1364 1832 ςορικο1,
1401 1763 1497 1844 qui

196 1836 254 1893 in
285 1834 604 1902 fluminum,
633 1837 903 1892 montium
930 1834 988 1889 <Sc
1012 1834 1299 1908 regionum
1325 1837 1500 1892 nomi-

195 1911 354 1966 nibus
390 1910 646 1982 occupati
671 1925 871 1978 erant,
925 1910 983 1965 δε
1022 1920 1343 1984 μυθολογέιύζυα
1381 1929 1494 1965 om-

197 2003 437 2067 nemque
473 1983 751 2052 historiam
803 1985 1175 2041 rimabantur·
1218 1987 1306 2041 alii
1347 1984 1495 2040 deni-

201 2076 308 2131 que
332 2097 351 2125 ,
403 2058 552 2131 iique
593 2043 900 2116 nobilissimi
928 2099 948 2127 ,
997 2071 1182 2146 κμζικοὶ,
1236 2062 1328 2134 qui
1381 2073 1496 2112 tan-

205 2151 366 2206 quam
406 2133 649 2191 censores
689 2135 867 2209 spuria
907 2154 938 2189 a
972 2137 1110 2192 veris
1147 2134 1493 2207 separabant,

205 2205 459 2290 ambigua
485 2210 859 2276 recensebant,
880 2225 934 2264 et
948 2207 1261 2284 transposita
1287 2205 1494 2262 sedibus

210 2283 313 2337 luis
339 2281 698 2339 vindicabant.
752 2284 942 2340 Nolim
969 2304 1102 2340 vero
1131 2284 1247 2356 quis
1274 2280 1364 2336 hic
1389 2282 1499 2336 loci

210 2348 705 2416 Grammaticorum
735 2359 953 2417 nomine
968 2362 1231 2436 intelligat
1244 2356 1356 2414 ludi
1378 2355 1499 2409 lite-

1375 2429 1505 2488 rarii
