1641 2784
171 136 246 184 ηε
377 127 512 168 cap,
537 126 590 163 v.
615 123 697 164 nE
722 120 849 170 ms,
879 111 998 176 Qut
1018 123 1267 172 -AEmmss

179 246 305 304 pter
319 226 452 289 alia,
471 220 766 302 quae-falsos
785 219 1056 278 honorum
1085 225 1266 280 vultus
1295 225 1480 283 indue·

177 307 322 360 bant.
349 298 450 354 vid.
471 293 702 377 Philipp.
725 296 1003 352 Berterius
1021 296 1225 353 Pithan.
1245 298 1398 355 diatr.
1434 317 1478 357 Ι.

177 396 295 448 cap.
322 391 400 427 10.
423 369 606 425 Curiae
621 387 852 442 namque
880 371 942 426 iis
970 373 1302 427 serviendum
1329 391 1478 440 erat,

172 448 420 524 periculo
435 444 646 499 suarum
663 445 977 502 facultatum
993 446 1025 502 l.
1063 462 1149 516 50.
1181 448 1268 503 60.
1302 448 1389 517 64.
1421 449 1478 502 C'.

173 525 238 579 de
253 524 427 578 decur.
447 536 555 574 non
574 535 831 591 poterant
842 521 1131 594 repudiare
1145 523 1229 576 vel
1245 522 1478 577 alienare

170 613 455 671 paternam
481 590 870 661 hereditatem,
909 597 944 651 l.
977 614 1029 666 4.
1073 599 1119 651 C
1153 597 1214 651 de
1241 607 1352 652 nat.
1384 595 1480 651 lib.

173 689 353 743 neque
391 667 597 724 militiae
623 669 877 735 adscribi,
915 672 952 727 l.
982 686 1058 741 17.
1098 671 1153 724 C.
1202 672 1263 725 de
1299 672 1476 726 decur.

171 763 285 802 non
322 762 408 799 res
455 742 568 797 suas
609 739 718 798 fine
765 743 988 799 decreto
1042 744 1277 799 vendere
1305 782 1323 810 ,
1377 762 1479 799 nee·

169 819 318 877 aliud
341 819 470 874 vitae
498 875 513 890 ι,
541 835 670 873 enus
701 818 930 891 eligere3
971 819 1028 872 in
1069 818 1321 883 civitate,
1364 835 1478 872 non

168 895 226 950 in
246 912 384 950 ‘rure
406 892 470 948 iis
501 836 837 966 degendum,
879 891 1160 965 l.1m.C.st
1181 895 1346 947 carice
1373 892 1475 947 rel.

166 973 269 1026 civ.
297 967 541 1041 quinimo
579 981 663 1021 tot
694 966 806 1020 aliis
834 965 1091 1022 oneribus
1128 982 1280 1021 erant
1309 965 1477 1019 obno-

168 1042 280 1111 xii,
318 1058 382 1099 ut
411 1037 664 1113 Synefius
694 1039 840 1113 epist.
873 1056 942 1111 93
1010 1057 1103 1096 eos
1145 1040 1332 1112 potius
1369 1038 1472 1094 ser-

166 1136 303 1184 νοε,
359 1132 521 1188 quam
560 1132 757 1171 nervos
780 1152 799 1181 ‚
853 1115 1126 1188 magisque
1168 1127 1423 1169 oneratos
1452 1151 1472 1179 ‚

169 1207 334 1263 quam
359 1189 663 1244 honoratos
689 1188 935 1257 vocarit3
980 1188 1038 1243 &
1065 1187 1326 1242 Libanius
1347 1205 1473 1258 que-

166 1282 324 1320 ratur
343 1302 362 1330 ,
404 1262 717 1335 quibusdam
749 1264 804 1317 in
834 1261 1050 1334 oppidis
1087 1263 1179 1317 vix
1215 1263 1308 1318 suo
1338 1277 1472 1316 tem-

167 1358 308 1412 pore
348 1355 517 1393 unum
553 1334 897 1408 superfuisse,
940 1337 1034 1408 qui
1070 1354 1296 1390 munera
1332 1337 1470 1390 solus

165 1414 478 1478 sUstilleret>
521 1411 577 1465 in
607 1411 857 1466 oratione
883 1418 976 1479 ⁷233?
1004 1418 1070 1465 τές
1099 1416 1232 1478 fidene)
1255 1418 1372 1464 οἰυτόν
1396 1437 1473 1462 κα-

165 1500 374 1547 λέσαντας.
438 1486 561 1540 Hac
587 1486 801 1540 ratione
826 1478 1172 1538 Theodofius
1190 1486 1239 1533 &
1273 1483 1473 1535 Valen-

167 1562 401 1616 tinianus
423 1560 877 1633 legitimationem
903 1574 1004 1628 per
1019 1556 1348 1609 oblationem
1379 1573 1472 1609 cu-

163 1636 261 1690 riae
290 1634 682 1700 introduxere,
724 1630 764 1687 ss
792 1648 949 1704 pater
978 1629 1117 1684 filios
1154 1629 1272 1683 suos
1315 1643 1470 1683 natu-

165 1710 337 1776 rales,
367 1710 452 1764 vel
481 1705 762 1779 ipfijiberi
789 1709 839 1761 se
870 1705 1030 1761 curiae
1065 1701 1326 1758 offerrent
1355 1704 1389 1758 l.
1421 1719 1471 1771 3.

167 1785 227 1838 C.
271 1785 334 1840 de
376 1793 490 1839 nat.
534 1782 622 1838 lib.
675 1781 1000 1852 Exemplum
1051 1776 1198 1832 dabit
1249 1778 1470 1848 sequens

168 1858 205 1912 l.
243 1875 296 1926 4.
336 1857 393 1912 in
433 1854 744 1924 Philocalo‚
800 1874 830 1909 a
856 1870 1012 1926 patre
1061 1851 1245 1906 oblato
1285 1850 1476 1905 Curiae‘

166 1930 372 1991 Bollrae
416 1931 648 1986 civitatis
674 1968 693 1996 ,
745 1930 830 1985 uti
866 1927 1117 1995 Cujacius
1181 1923 1469 1999 legendum

165 2003 271 2060 esse
310 2005 556 2072 monuit,
621 2022 733 2060 non
774 2001 971 2071 nostrae.
1046 1997 1256 2072 Bostra
1288 2013 1469 2053 autem

150 2081 255 2135 >vel
285 2078 503 2135 Arabiae
540 2081 766 2135 Petraeae
798 2075 1167 2147 Metropolis>
1204 2074 1290 2128 vel
1304 2073 1470 2127 altera

150 2152 400 2222 -ejusdem
425 2154 698 2219 nominis,
736 2150 971 2223 Philippi
988 2146 1347 2221 Imppatria,
1386 2144 1466 2199 in-

170 2227 343 2300 telligi
384 2227 603 2298 potest,
651 2228 716 2283 de
760 2226 989 2300 quibus,
1039 2236 1240 2295 praeter
1294 2217 1468 2272 Cella-

167 2302 344 2367 rium,
389 2300 674 2372 Spanhem.
705 2301 773 2357 de
798 2298 977 2355 Praest.
995 2296 1052 2351 &
1076 2296 1170 2351 usu
1196 2309 1340 2347 num.
1367 2291 1466 2347 dis-

151 2374 290 2433 sert.
312 2391 476 2432 ΜΠ.
502 2393 630 2449 pag.
670 2375 735 2434 61
748 2393 796 2431 ε.
824 2371 899 2432 est
925 2368 1214 2429 adeundus,
1295 2362 1465 2421 Aliud

1285 2457 1468 2497 exem*
