1625 2784
497 143 1242 206 PRAEFATIO.

227 268 619 342 subjungerem.
695 264 908 318 Verum
938 258 1150 329 neseio,
1191 263 1284 335 qui
1318 264 1516 321 sactum

225 341 329 409 s1t‚
369 358 432 398 ut
451 380 468 407 ,
490 341 618 395 dum
641 336 890 410 parandis
921 337 1299 411 &digerendis
1317 338 1372 392 in
1401 340 1519 393 uni-

227 417 380 475 verso
421 419 569 483 jure,
635 429 753 484 quae
799 410 865 465 ad
894 405 1231 467 Auditorum
1272 429 1520 468 meorum

227 488 456 560 (quibus
489 486 587 542 hac
611 485 668 540 in
698 485 811 539 vita
838 484 970 540 nihil
1017 485 1146 539 mihi
1172 486 1319 558 prius
1338 525 1354 551 ‚
1386 484 1519 540 nihil

226 562 402 619 carius
455 557 556 616 effe
614 558 881 628 debebat)
935 560 1224 615 utilitatem
1281 560 1519 626 faciunt,

228 634 485 691 incumbo
503 673 519 702 ,
537 631 687 688 aestus
713 633 801 687 ille
829 629 1136 688 AEdilitius
1169 633 1522 704 quodammo-

230 710 301 765 do
326 707 691 778 deferbuerit3
724 706 898 762 donec
922 706 1246 779 Bibliopolae
1274 707 1519 761 industrii

230 783 379 840 omni
402 781 576 837 studio
606 800 637 836 a
665 798 751 835 me
781 780 1214 847 contenderunt,
1255 796 1317 836 ut
1362 783 1520 835 telam

231 871 465 929 coeptam
501 870 880 928 pertexerem,
933 854 993 908 ἃ
1026 856 1259 925 primum
1303 854 1518 925 quidem

229 927 465 987 AEdiles
492 931 827 985 coloniarum
851 928 1088 984 secundis
1116 929 1258 983 curis
1289 928 1522 982 recense-

229 1023 359 1061 rem.
435 1003 660 1072 Qndin
685 1001 785 1058 hac
817 1001 1088 1067 editione,
1118 1001 1520 1074 propemodum

234 1097 411 1144 nova,
452 1095 553 1132 nec
581 1074 798 1150 singulis
823 1091 1031 1130 tantum
1062 1078 1305 1150 paginis,
1350 1074 1436 1129 sed
1465 1074 1522 1128 δε

230 1151 458 1224 septimo
488 1152 665 1222 capite
694 1148 881 1216 aneta,
912 1149 1283 1222 praestiterim,
1354 1149 1519 1220 eequis

235 1225 451 1282 arbitris
482 1223 878 1293 dijudicandum
906 1225 1171 1294 relinquo.
1214 1223 1406 1278 Meum
1437 1240 1523 1277 ve«

234 1318 298 1356 ro
324 1317 435 1353 non
461 1297 534 1353 est
558 1295 742 1363 silere,
785 1297 932 1369 quod
966 1298 1021 1352 in
1048 1313 1195 1351 tanta
1235 1297 1523 1352 dofftornin

236 1373 554 1438 hominum,
611 1387 865 1443 quantam
901 1372 1145 1444 superior
1192 1386 1320 1426 aetas
1364 1370 1520 1434 tulit,

237 1464 450 1502 annona
491 1444 637 1500 haud
671 1445 970 1506 defuerint,
1025 1448 1117 1515 qui
1172 1445 1327 1499 felice
1369 1442 1523 1498 indu-

238 1520 362 1575 stria
393 1517 722 1574 ostenderint
759 1513 995 1574 AEdiles
1026 1517 1419 1589 Municipales³
1460 1517 1521 1569 li-

235 1609 323 1650 cet
366 1592 601 1648 tenebris
635 1592 997 1648 circumfusos,
1090 1593 1299 1647 Primus
1314 1630 1333 1656 ,
1376 1589 1523 1662 quod

235 1668 424 1733 sciam,
463 1666 520 1720 in
545 1667 720 1721 lucem
760 1684 852 1721 eos
894 1667 1168 1737 protraxit
1210 1665 1382 1720 omnis
1427 1682 1526 1735 po-

236 1742 431 1796 litioris
458 1738 915 1815 Jurisprudentiae
946 1740 1147 1795 vindex
1178 1739 1235 1792 Sc
1264 1736 1525 1802 adsertor,

237 1815 476 1944 >{acobus
496 1813 749 1884 Cujacius
778 1812 845 1868 ad
869 1814 903 1868 1.
941 1821 1021 1872 18.
1053 1815 1116 1869 C.
1134 1813 1199 1868 de
1220 1811 1521 1867 Decurion.

275 1889 391 1944 *um
424 1888 621 1961 suppar
657 1884 818 1953 huic,
873 1887 1144 1943 Barnabas
1193 1884 1525 1950 Briffonius‚

238 1962 378 2018 libro
408 1962 501 2017 III.
541 1959 712 2016 sele&
755 1961 1004 2033 antiquit.
1039 1980 1154 2034 cap.
1182 1977 1254 2015 10.
1296 1959 1514 2031 quibus-

240 2036 362 2091 dam
398 2035 705 2090 nostrorum
733 2072 751 2100 ,
807 2038 861 2089 &
898 2036 1130 2091 aliorum
1178 2032 1524 2097 testimoniis,

240 2111 297 2165 in
336 2108 643 2180 municipiis
684 2107 836 2165 fuiffe
878 2104 1151 2176 Amnes,
1202 2105 1524 2179 comproba-

239 2184 337 2238 vit.
415 2181 540 2237 Post
566 2180 754 2237 Guido
781 2183 1107 2239 Pancirollus
1133 2221 1152 2250 ,
1192 2183 1253 2237 1η
1294 2179 1527 2234 [Γειὲὶειειῑ

240 2257 308 2313 de
333 2255 635 2328 Magistrat.
660 2258 915 2329 municip.
945 2259 1217 2330 peculiare
1246 2267 1410 2326 caput
1446 2267 1524 2320 19.

243 2328 539 2389 AEdilibus
569 2328 749 2403 dedit3
797 2332 911 2387 aliis
942 2346 1119 2390 tamen
1155 2328 1324 2403 magis
1352 2328 1527 2382 inten-
