1641 2784
555 137 976 180 AEDILIUM.
1336 138 1409 191 '42⁷'

122 237 447 296 Decuriones
481 238 535 293 in
561 237 677 292 albo
705 238 785 290 ita
794 235 1029 307 scriptos
1053 232 1145 307 effi
1167 241 1409 306 oportet,

123 325 183 370 ut
212 315 315 386 lege
340 310 633 383 municipali
661 311 979 381 praecipitur
993 348 1012 375 ,
1034 309 1190 382 Jedst
1209 310 1294 364 lex
1319 311 1414 383 ces-

118 388 203 461 sat
226 427 245 454 ‚
301 396 424 442 tunc
461 385 742 454 dignitates
791 393 950 439 erunt
979 381 1302 458 Jpeiiandae,
1356 394 1417 439 ut

117 462 430 535 scribantur
466 474 520 512 eo
561 457 744 512 ordine
772 493 789 521 ‚
844 473 937 528 quo
988 459 1096 528 quis
1132 475 1191 512 ue
1239 461 1419 513 eorum

109 527 350 592 ⁹maximo
382 533 570 588 honore
596 533 650 586 in
686 533 957 604 municipio
974 530 1071 603 jun
1125 548 1182 586 us
1207 529 1304 600 cst,
1326 541 1422 604 pu-

126 619 222 673 ta,
261 609 348 679 qui
389 605 803 661 Duumviratum
820 603 1113 676 gefferunt,
1137 607 1191 679 fi
1230 605 1312 660 hic
1339 604 1421 660 ho-

128 699 229 736 nor
262 679 552 753 praecellat.
610 678 687 733 Hi
729 678 869 733 enim
912 679 1030 732 sunt
1072 680 1165 749 qui
1205 695 1418 750 rempu-

128 754 320 808 blicam
358 752 547 806 salvam
584 750 833 824 praestare
862 750 1072 806 debent.
1099 753 1132 806 l.
1167 769 1214 821 3.
1244 758 1297 815 §2
1314 752 1414 823 fin.

129 828 199 883 D.
231 828 291 882 de
311 827 472 900 pecul.
493 827 525 881 l.
549 841 628 896 35.
661 832 711 889 §-
745 826 877 880 1.D.
903 825 961 880 de
989 827 1145 896 oblig.
1172 825 1265 895 qui
1295 843 1423 879 one-

130 920 191 956 ra
223 899 600 956 decurionibus
629 898 872 955 indicunt
910 901 940 954 l.
978 917 1055 968 13.
1093 907 1145 962 §-
1180 915 1222 967 ς.
1253 899 1335 952 D.
1363 898 1426 954 de

131 976 291 1046 injur.
331 974 386 1027 &
413 974 602 1044 quibus
630 974 827 1028 summa
854 973 987 1044 reip.
1019 969 1290 1028 commissa
1318 970 1424 1037 est,

133 1050 167 1105 l.
207 1065 286 1116 14.
313 1049 381 1101 D.
407 1048 484 1102 ad
512 1051 749 1120 municip.
820 1047 1091 1102 Praeterea
1123 1045 1429 1099 Constanti-

132 1139 232 1176 nus
271 1138 380 1173 non
420 1119 639 1174 obscure
676 1121 907 1185 indicat,
946 1123 1207 1173 summum
1246 1118 1430 1172 locum

137 1191 358 1248 tenuilse
380 1229 398 1257 ,
471 1210 607 1262 quos
683 1193 737 1247 in
797 1194 1105 1256 civitatibus
1172 1192 1431 1246 Duumvi-

132 1268 315 1322 rilitas
380 1267 717 1330 condecorat,
771 1267 802 1318 l.
855 1283 897 1319 1.
931 1267 993 1319 C.
1021 1267 1085 1319 de
1114 1280 1220 1318 nat.
1253 1265 1343 1318 lib.
1376 1269 1432 1316 &

134 1340 580 1401 Valentimanus³
621 1339 715 1392 ubi
735 1338 1001 1411 gradatim
1028 1337 1262 1392 honores
1278 1357 1306 1391 a
1324 1337 1433 1393 Cu-

133 1413 352 1469 rialibus
384 1412 566 1483 suscipi
607 1412 788 1481 jubet:³
831 1431 861 1465 a
904 1412 1306 1476 Duumviracu,
1345 1429 1431 1464 ve-

137 1490 263 1543 luta
286 1486 462 1559 primo
489 1484 830 1556 magistratu,
871 1485 1083 1539 initium
1111 1485 1230 1539 fieri
1255 1499 1435 1550 vetat,

139 1563 195 1616 in
227 1562 250 1616 l
293 1574 378 1629 77.
411 1561 462 1613 C.
500 1559 594 1614 Th.
633 1559 691 1614 de
717 1560 886 1616 decur.
930 1553 1193 1629 Apuleius
1213 1575 1435 1629 quoque

139 1634 247 1688 hoc
286 1634 454 1704 ipsum
493 1632 776 1687 confirmat
831 1637 886 1688 in
926 1635 1142 1703 apolog.
1222 1633 1286 1686 In
1334 1648 1439 1703 qua

141 1709 335 1763 colonia
372 1716 580 1780 patrem
617 1705 773 1761 habui
811 1709 913 1762 loco
957 1708 1195 1778 principe
1238 1707 1440 1760 ‘Duum-

141 1782 403 1845 viralem‚
444 1778 634 1836 canitis
657 1780 927 1836 honoribus
947 1777 1292 1853 perjuniium.
1336 1778 1438 1832 His

143 1871 277 1908 vero
309 1853 516 1909 AEdiles
550 1853 699 1908 fuisse
735 1855 1017 1909 inferiores
1058 1853 1334 1918 discimus,
1374 1870 1442 1906 ex

143 1928 448 2001 fragmento
477 1926 752 1982 Fastorum
789 1928 1225 1999 municipalium,
1265 1941 1443 2000 prope

145 1999 347 2056 Nolam
389 2017 643 2073 reperto>
683 2002 826 2073 apud
872 2001 1094 2057 Gruter.
1127 2019 1252 2074 pag.
1289 2005 1446 2068 1087.

146 2093 200 2129 n.
236 2092 277 2128 ι.
307 2076 361 2128 in
389 2093 498 2146 quo
526 2075 845 2130 Duumviris
872 2075 1078 2148 primus
1099 2113 1118 2141 ,
1146 2070 1444 2130 AEdilibus

149 2148 486 2204 secundarius
523 2151 672 2205 locus
704 2150 975 2205 tribuitur.
1049 2148 1246 2205 Rursus
1272 2151 1325 2204 in
1362 2165 1449 2202 eo·

153 2222 277 2278 dem
320 2241 487 2295 opere
526 2242 646 2298 pag.
694 2225 813 2294 362.
842 2224 898 2279 in
926 2223 1185 2290 formula,
1230 2240 1336 2295 qua
1374 2222 1449 2287 Q

155 2293 388 2353 Aradius
417 2296 644 2352 Rufinus
679 2298 735 2352 &
763 2298 1014 2355 Valerius
1040 2298 1299 2352 Proquus
1328 2314 1445 2348 mu-

157 2370 361 2446 nicipes
401 2374 662 2448 municipii
702 2371 776 2444 T.
818 2368 980 2433 AElii
1003 2371 1264 2430 Hadriani
1296 2364 1448 2496 Agg-

1407 2458 1450 2494 1-
