1641 2784
414 98 512 139 ET
566 94 1089 138 MUNICIPIIS.
1343 108 1389 150 η

109 203 162 256 in
198 211 403 253 aeterno
441 210 607 267 opere
649 209 774 264 pag.
813 202 936 261 347.
986 192 1038 248 6.
1080 190 1138 247 δε
1164 204 1290 263 470.
1336 194 1385 250 6.

105 274 178 328 Et
205 269 338 326 ficut
376 267 631 324 Tiberius
675 264 981 338 Collegium
1014 258 1387 342 Augustalium

104 345 437 402 sacerdotum
483 339 641 413 Juliae
696 339 850 409 genti
898 336 1092 394 Romae
1129 340 1386 407 sacravit,

109 418 235 474 teste
258 416 456 472 Tacito
482 413 569 467 lib.
606 410 647 465 I.
672 407 817 465 Ann.
848 428 963 483 cap.
1003 427 1085 483 54.
1121 413 1198 469 ita
1238 415 1388 470 colo·

107 495 209 548 niae
239 489 482 546 certatim
507 484 693 541 eadem
732 501 968 556 corpora
1012 485 1381 549 instituerunt,

108 584 236 638 quas
265 565 404 618 inter
422 560 564 613 Orta
589 559 724 629 fuit3
741 556 824 613 uti
848 556 1030 631 Justus
1056 559 1387 616 Fontaninus

107 641 172 694 de
204 634 575 705 antiq.'H0rtae
600 633 687 688 lib.
708 632 745 686 I.
778 649 892 703 cap.
924 650 972 686 2.
1005 649 1056 685 n.
1084 646 1127 699 ς.
1160 652 1226 687 ex
1256 634 1388 693 duo·

107 712 202 766 bus
235 707 498 780 lapidibus
542 704 786 761 ostendit.
871 704 1148 759 Pausanias
1189 706 1245 760 in
1282 709 1390 763 Co-

102 780 262 838 rinth.
296 781 367 836 lib
406 782 470 835 Il.
501 781 693 836 Deleta
733 797 769 835 a
813 781 1061 835 Romanis
1106 781 1389 847 Cori71tl›0‚

100 855 374 929 pristinum
400 855 737 927 sacrificandi
771 858 936 910 ritum
971 854 1138 908 coloni
1167 870 1263 907 non
1303 872 1383 908 re-

104 933 407 985 tinuerunt:
445 945 598 1000 neque
622 929 845 1000 amplius
872 928 979 982 illis
1001 929 1157 997 pueri
1172 936 1270 985 aut
1284 931 1393 981 cri-

101 1021 212 1058 nem
250 1004 460 1057 tondent
481 1041 499 1068 ‚
550 1012 645 1058 aut
703 1013 887 1057 atram
928 999 1111 1071 vestem
1152 1000 1390 1056 induunt.

105 1077 192 1130 Sic
220 1075 447 1146 denique
466 1075 849 1146 Philippenses³
869 1093 989 1129 cum
1008 1074 1199 1132 Paulus
1229 1072 1287 1127 &
1315 1074 1395 1134 Si·

100 1151 173 1203 las
198 1148 340 1204 sacra
365 1149 452 1202 sua
483 1148 870 1220 praedicarent,
909 1148 1070 1214 injus
1097 1165 1190 1202 eos
1232 1165 1392 1202 voca-

102 1239 248 1289 runt,
283 1222 916 1278 dicenteszAnnunciant
946 1224 1120 1287 ritus,
1161 1237 1280 1293 quos
1297 1237 1394 1276 non

101 1298 223 1351 licet
247 1297 388 1351 nobis
431 1299 701 1368 excipere,
741 1313 896 1368 neque
913 1294 1198 1370 usurpare,
1240 1310 1388 1365 quum

85 1371 243 1443 fimus
272 1371 526 1436 Romani,
569 1369 696 1425 teste
732 1369 885 1425 Luca
911 1369 968 1422 in
983 1364 1135 1423 Affis
1163 1386 1207 1423 c.
1233 1367 1392 1424 XVI.

100 1443 168 1495 vs.
210 1461 294 1497 21.
338 1445 506 1498 Suum
537 1459 714 1498 tamen
742 1442 997 1515 quaelibet
1036 1441 1249 1497 colonia
1292 1438 1384 1495 ha·

102 1517 262 1571 bebat
311 1516 580 1582 Genium,
621 1535 651 1570 a
675 1518 840 1590 genio
883 1516 1042 1570 Urbis
1090 1513 1391 1582 diversum3

102 1589 173 1644 fic
229 1590 494 1644 GENIO.
553 1589 729 1644 COL.
780 1588 955 1644 PVT.
1002 1588 1212 1643 dicatur
1253 1587 1393 1655 'lapis

102 1662 245 1734 apud
293 1661 596 1717 Reinesmm
644 1664 705 1717 cl.
746 1663 786 1718 Ι.
818 1681 868 1716 n.
916 1662 1033 1718 161.
1112 1658 1396 1715 GENIUS

103 1735 458 1792 LUGDUNI
501 1736 574 1792 est
616 1737 672 1790 in
722 1753 943 1793 nummo
976 1730 1197 1798 Albini,
1251 1731 1396 1803 apud

104 1809 468 1864 Vaillantium.
553 1811 766 1867 Colonia·
811 1812 1018 1880 genium
1061 1806 1119 1862 T
1123 1806 1388 1860 ertullian.

106 1880 170 1936 de
207 1881 388 1936 idolol.
428 1901 542 1956 cap.
598 1901 682 1937 22.
751 1885 940 1939 Genios
991 1883 1275 1936 civitatum
1319 1877 1394 1945 ἐξ

103 1956 420 2011 coloniarum
461 1955 738 2012 Arnobius
774 1954 863 2009 lib.
916 1954 956 2009 I.
1004 1968 1390 2009 memorarunt.

104 2028 223 2082 Nec
248 2030 465 2084 mirum!
504 2047 646 2094 nam,
664 2047 725 2083 ut
754 2029 854 2084 alia
879 2028 1088 2082 mittam
1104 2065 1122 2092 ,
1147 2043 1266 2098 quae
1296 2041 1394 2080 nu-

104 2118 201 2172 per
225 2100 290 2155 de
322 2104 492 2175 geniis
521 2101 579 2156 &
613 2104 709 2157 diis
742 2102 999 2157 localibus
1031 2100 1142 2156 dixi
1173 2114 1311 2171 part.
1348 2098 1391 2152 Ι.

103 2175 167 2230 de
199 2178 348 2230 tutel.
377 2177 506 2231 viar.
527 2193 643 2247 cap.
671 2175 770 2231 XI.
801 2175 860 2230 &
888 2175 1044 2231 XIV.
1075 2172 1222 2229 Γεέὶε
1260 2173 1393 2226 Pru-

102 2248 313 2329 denpius
340 2249 428 2307 lib.
459 2251 526 2306 11.
568 2265 759 2306 contra
784 2249 982 2324 Symm.
1025 2247 1096 2304 vs.
1135 2263 1260 2319 444.
1309 2263 1395 2300 ce-

105 2336 259 2380 cnut:

696 2395 743 2450 B
784 2410 823 2468 4
1174 2424 1196 2436 —
1235 2426 1256 2435 -
1292 2389 1400 2446 Cur
