1641 2784
275 120 700 173 cuntsrmms
726 124 1147 169 AEDILITATEM
1166 126 1240 167 &a
1337 127 1414 182 κῃ,

125 226 236 294 Caj.
267 246 388 299 pag.
431 242 582 296 10¹4·
629 222 773 277 Vide
801 224 875 277 Ill.
923 224 1233 296 Spanhemii
1271 224 1409 282 Orb.

118 301 275 355 Rom.
322 303 511 355 Exere.
559 315 601 351 Ι.
647 314 761 368 cap.
813 312 890 365 17-
935 298 992 351 ὅτ,
1033 300 1113 353 Cl.
1153 299 1407 367 Cellarii,

119 374 381 445 Lappaei,
424 378 474 426 &
503 364 792 426 Arntzenii
825 367 1017 424 dissert.
1057 373 1122 427 de
1160 374 1310 430 Pauli
1335 367 1415 430 A-

118 448 315 520 postoli
358 449 519 502 Rom.
569 444 801 500 civitate.
880 444 999 499 Nec
1049 460 1226 502 tamen
1264 448 1411 503 omni

122 538 368 594 tempore
410 517 593 575 eadem
633 516 953 591 Judaeorum
1005 518 1107 572 fuit
1157 521 1411 589 fortuna,

121 595 208 652 sed
233 595 410 658 varia,
450 610 552 664 pro
577 592 728 647 vario
746 591 1057 662 Principum
1086 594 1326 666 ingenio,
1356 596 1414 650 δε

133 668 438 742 Iudaeorum
472 665 610 732 fide,
648 666 734 721 vel
758 665 1064 721 rebellionis
1092 684 1256 721 metu.
1299 670 1415 724 Cae-

121 732 316 807 sarem,
354 732 660 813 Augustum
702 739 759 793 &
803 739 1086 794 Claudium
1125 742 1414 798 clemente-s

121 816 176 870 in
203 815 340 870 hanc
365 831 585 887 gentem
613 811 796 880 fuilse,
835 813 1012 868 scribit
1041 813 1412 887 Hieronymus

125 889 181 944 in
204 886 380 944 Zach.
422 889 511 945 lib.
547 905 627 942 Π.
671 905 786 959 cap.
828 888 925 942 ult.
967 885 1023 941 &
1064 887 1154 942 lib.
1188 905 1302 942 111.
1348 888 1415 944 ad

125 963 247 1018 Gal,
283 981 395 1034 cap.
437 963 485 1018 6.
530 961 796 1016 Caesarem
834 959 1153 1035 Judaeorum
1189 963 1416 1036 collegia

125 1037 269 1092 inter
300 1036 540 1108 legitima
563 1033 798 1090 habuilse
828 1040 880 1088 δε
906 1035 1160 1107 proprios
1189 1036 1253 1089 iis
1281 1037 1418 1091 ritus

124 1109 388 1182 reliquill'e
418 1109 607 1164 auditor
635 1107 708 1163 est
739 1107 1004 1183 Josephus
1032 1109 1121 1163 lib.
1149 1128 1272 1164 xvi.
1302 1108 1419 1165 An-

127 1186 221 1256 tiq.
263 1202 376 1255 cap.
416 1200 491 1237 10.
524 1177 798 1256 Augustus
836 1182 998 1238 etiam
1040 1201 1230 1238 eorum
1266 1184 1419 1257 syne-

126 1258 241 1313 dria
273 1256 455 1313 ediffls
500 1257 600 1311 suis
643 1256 932 1328 probavit,
972 1257 1118 1328 quod
1161 1275 1270 1311 non
1310 1275 1418 1311 era„

126 1334 309 1404 pulte,
348 1349 522 1402 neque
569 1330 890 1385 seditionum
934 1332 1216 1386 nutriculae
1258 1370 1276 1396 ,
1331 1330 1419 1386 sed

130 1407 499 1476 temperantiae
538 1403 728 1458 scholce
771 1402 966 1474 effent3
1008 1406 1088 1459 uti
1127 1423 1194 1458 ex
1239 1404 1419 1459 Philo-

126 1479 208 1532 nis
246 1480 403 1552 legat.
436 1478 501 1533 ad
532 1478 643 1545 Caii.
677 1478 925 1544 Cujacius
956 1477 1142 1533 docuit
1178 1478 1266 1533 lib·
1293 1495 1417 1533 v11.

131 1551 258 1609 Obs.
297 1572 410 1624 cap.
452 1570 536 1621 30.
597 1551 707 1606 Sub
753 1551 981 1606 Tiberio
1022 1568 1200 1607 autem
1240 1554 1419 1607 ac'kum

128 1625 197 1679 de
237 1627 390 1681 sacris
432 1625 715 1698 AEgyptiis
742 1624 1079 1697 Judaicisque
1119 1625 1417 1696 pellendis;

130 1699 434 1770 factumque
465 1699 681 1752 Patrum
717 1699 1043 1764 consultum,
1084 1714 1146 1753 ut
1184 1714 1419 1768 quatuor

131 1773 293 1825 millia
344 1772 576 1826 libertini
621 1773 876 1846 generiS‚
929 1791 991 1827 ea
1047 1771 1420 1843 superstitione

134 1845 328 1900 infec'AEa
345 1884 362 1910 ,
402 1847 457 1899 in
486 1845 700 1900 inlulam
727 1846 1023 1900 Sardiniam
1052 1846 1415 1913 veherentur,

132 1918 310 1973 Tacit.
340 1919 426 1974 lib.
464 1935 541 1973 11.
580 1913 721 1973 Ann.
764 1939 878 1990 cap.
908 1926 992 1989 85.
1033 1920 1254 1974 Sueton.
1286 1919 1343 1974 T
1343 1919 1420 1974 ib.

134 2011 251 2063 cap.
285 1994 367 2062 36.
410 1992 664 2047 Claudius
685 2006 776 2046 eos
796 1994 865 2048 ob
897 1994 1254 2065 frequentiam
1269 1994 1418 2048 Urbe

133 2083 244 2120 non
273 2066 460 2132 eiecit,
497 2067 684 2138 patriis
728 2082 903 2121 tamen
940 2067 1147 2140 legibus
1174 2071 1418 2122 viventes

134 2141 425 2195 convenire
442 2141 617 2195 vetuit
633 2178 650 2206 ,
667 2141 780 2196 Dio
796 2139 928 2195 Cass'.
952 2142 1038 2195 lib.
1057 2143 1143 2197 60.
1180 2141 1311 2196 Non
1327 2159 1418 2195 va-

132 2229 220 2268 cat
249 2231 347 2285 per
375 2231 557 2267 omnes
585 2215 663 2269 ire
691 2229 903 2270 aetates:
946 2215 1051 2270 hoc
1076 2230 1251 2271 tamen
1278 2233 1418 2286 prce-

132 2286 267 2342 stare
296 2285 488 2352 ausim,
528 2287 747 2360 Judaeos
795 2290 1111 2360 plerumque
1145 2289 1287 2348 intra
1313 2290 1417 2342 Ur-

133 2359 255 2419 bem
281 2362 467 2435 patriis
492 2363 682 2419 ritibus
726 2363 911 2418 vivere
947 2360 1207 2437 potuilse2·
1242 2364 1419 2417 loluto

747 2436 824 2511 Q
839 2453 875 2513 4
1264 2450 1421 2504 quote
