1641 2784
206 121 279 163 330
385 106 505 144 cAi’.
530 97 1292 150 1XsAED1‘LEszcussATOREs

214 196 557 274 Mynsingeri
597 211 792 268 pravas
820 197 1312 270 interpretationes
1331 210 1491 277 rejeci

211 278 264 330 in
300 273 412 328 vita
451 270 729 343 Papiniani
770 290 885 344 cap.
915 289 967 341 4.
996 279 1051 336 §-
1084 289 1131 342 3.
1175 290 1229 328 et
1265 294 1379 350 cap.
1413 299 1497 336 12.

207 356 259 412 §-
298 359 341 415 ς.
398 346 548 413 Quid
577 362 758 402 autem
794 346 1049 401 faciemus
1090 346 1291 404 summo
1335 352 1494 420 CuJa..

206 425 324 485 cic,
365 421 459 491 qui
486 417 600 475 tum
636 421 693 475 in
721 422 863 475 notis
894 420 958 474 ad
1000 418 1137 474 hanc
1184 424 1359 496 legem
1396 426 1493 482 Pa-

202 494 440 567 piniani,
498 509 611 550 tum
642 495 730 550 lib.
765 495 957 551 XXII.
987 494 1213 549 Observ.
1249 516 1363 570 cap.
1406 517 1490 569 31,

202 567 478 624 ordinario
501 586 722 624 munere
748 568 815 623 ad
843 564 1076 624 AEdiles
1096 607 1114 635 ,
1163 566 1272 625 sive
1319 573 1492 629 Urba·

201 662 334 709 nos>
373 640 480 698 sive
507 644 884 715 municipales,
925 644 1132 697 viarum
1160 662 1342 699 curam
1367 664 1491 717 per-

203 715 410 772 tinuisse
426 733 620 790 negat,
660 717 806 790 quod
821 717 951 772 alius
968 714 1032 771 lit
1055 712 1310 785 AEdssis,
1353 721 1486 776 alius

199 809 333 847 vero
359 786 721 865 Astynomus?
764 790 913 860 Quid
954 808 1263 864 regeremus
1309 788 1488 849 Anto·

199 866 291 921 nio
333 863 671 940 Augustino,
712 866 769 920 in
796 865 939 919 notis
968 865 1033 919 ad
1058 864 1348 921 Modestini
1375 869 1406 921 l.
1434 870 1485 925 6.

199 947 253 1003 §.
295 946 343 997 8.
371 942 450 992 7).
494 941 556 995 de
592 938 809 1013 exczffczt.
853 939 1062 993 viarum
1102 938 1485 1010 inspectionem

198 1013 266 1067 ad
292 1011 590 1069 AEdilitias
619 1033 770 1069 curas
801 1012 894 1069 vix
935 1013 1326 1068 extendendam
1373 1017 1483 1070 exi-

195 1083 458 1141 stimanti?
526 1089 674 1155 Quid
719 1088 831 1142 aliis
872 1087 1101 1159 denique
1140 1088 1483 1158 respondebi-

194 1177 311 1214 mus
342 1161 611 1216 minorum.
649 1163 893 1236 gentium
928 1160 1312 1232 interpretibus
1332 1200 1349 1228 ,
1391 1165 1482 1234 qui

194 1250 259 1288 ut
295 1251 423 1306 grus
448 1252 641 1306 gruem
676 1235 775 1289 hos
817 1236 1048 1305 supremi
1089 1235 1289 1289 ordinis
1333 1236 1480 1291 viros

192 1309 516 1377 sequuntur?
558 1307 663 1362 Sed
690 1325 800 1361 non
837 1308 910 1362 est
935 1308 1079 1376 quod
1106 1309 1352 1379 Delphos
1382 1309 1480 1366 hac

193 1397 424 1453 propter
449 1381 751 1436 mittamus:
794 1379 1074 1436 demiimus
1111 1382 1249 1436 enim
1273 1386 1375 1448 jam
1403 1384 1479 1437 su-

194 1473 293 1526 pra
322 1457 533 1521 velum,
584 1471 645 1509 ut
686 1456 882 1526 aliquid
915 1454 1044 1509 lucis
1096 1453 1184 1509 hic
1220 1453 1480 1529 affulgere

192 1528 383 1602 poffit,
424 1529 517 1583 ubi
548 1548 614 1583 ex
641 1529 836 1584 Gloffis
865 1545 1146 1593 veterum,
1191 1547 1257 1582 ex
1292 1525 1476 1584 Arria-

191 1622 298 1666 no,
338 1604 604 1673 variisque
633 1602 928 1658 rationibus
971 1601 1476 1670 demonstravimus,

191 1672 424 1739 AEdiles
461 1677 517 1730 i‘n
549 1676 894 1732 Graecanicis
935 1676 1239 1731 civitatibus
1271 1678 1475 1747 promi-

185 1751 308 1806 scue
333 1743 717 1822 Agoranomos
757 1753 842 1805 vel
874 1749 1204 1822 Astynomos
1249 1767 1473 1805 vocatos

190 1823 307 1880 effe.
396 1825 497 1878 His
527 1824 749 1879 auffitarii
774 1826 897 1879 loco
934 1841 1076 1879 nunc
1118 1823 1342 1878 addatur
1383 1824 1475 1881 Li-

188 1900 373 1954 banius
414 1898 688 1953 declamat.
723 1900 805 1968 36.
861 1897 955 1953 ubi
990 1898 1229 1952 morosus
1274 1913 1469 1968 pater,

189 1973 355 2028 filium
398 1972 676 2039 abdicans,
733 1972 874 2045 apud
929 1986 1189 2044 utrosque
1240 1968 1467 2026 Athenis

188 2049 431 2118 queritur
481 2047 545 2102 de
586 2046 693 2101 sori
745 2046 1106 2102 immunditie:
1149 2046 1314 2100 verba
1359 2048 1468 2111 ejus

185 2137 302 2194 pag¹
322 2137 445 2194 794.
473 2122 550 2176 ita
575 2121 675 2176 sese
698 2120 933 2176 habent:
970 2129 1237 2191 Ἀγοςρινόμοι
1263 2128 1290 2187 ’3
1314 2129 1344 2192 a}
1370 2128 1468 2173 οἰςυ-

183 2203 286 2265 νέμοι
319 2205 415 2250 δύτω
442 2210 781 2260 καταφρονοῦντας
814 2208 944 2250 σίυτῶν
971 2206 1014 2248 ου’
1044 2200 1238 2265 κολάζετε.
1273 2207 1305 2244 οἱ
1337 2203 1469 2241 τοσοῦ-

184 2296 246 2322 τον
270 2280 438 2337 νέμουσιν
467 2279 702 2340 &Dammae
731 2282 778 2330 τῆ
815 2274 952 2334 πόλει,
983 2274 1078 2325 ‹fif-te
1113 2278 1252 2330 λίμνας
1293 2270 1393 2317 ὅλας
1425 2274 1468 2315 ἂν

183 2352 285 2402 obv-cii
312 2356 543 2409 συνεςὸῐνοιι,
598 2357 632 2415 ἦ,
658 2355 790 2402 ὀλίςες
823 2347 922 2398 εἶναι
955 2354 1033 2402 ’τῆς
1061 2350 1226 2409 εἱγοεθῖἲ
1254 2348 1474 2420 nomano-(s.

1304 2425 1473 2470 vertit
