1641 2784
248 172 671 219 CHRISTIANIS
696 170 1119 215 AEDILITATEM
1141 173 1215 214 &ei
1312 177 1386 225 '²7¹²'

111 273 379 345 sequitur,
418 270 706 341 Ulpianum
729 267 930 324 infenso
967 268 1253 326 admodum
1281 274 1393 327 ani-

108 366 198 402 mo
245 347 301 400 in
347 343 670 400 Christianos
714 337 881 395 filiss'e.
935 341 1257 399 Econtrario
1286 364 1395 400 ma-

102 422 183 494 gis
234 418 366 474 mihi
403 415 683 473 dicendum
723 413 970 478 videtur,
1013 434 1123 471 non
1163 417 1395 489 potuilse

110 489 479 549 Alexandrum
510 503 660 542 tanto
687 488 876 541 favore
905 486 1230 546 Christianos
1254 510 1395 547 com=

104 566 300 636 pierii,
338 561 433 619 nisi
461 561 735 617 audiorem
773 562 886 631 ejus
928 560 1090 614 animi
1132 562 1394 623 habuilsec

103 642 424 711 Ulpianum,
467 636 559 707 qui
580 633 743 706 ipfius
773 648 961 700 tutor,
1001 651 1225 706 parem,
1251 658 1392 709 prze-

101 713 270 768 feetus
299 709 559 783 praetorio
590 711 725 774 fuit,
757 707 814 761 &
840 707 1080 763 omnium
1107 725 1389 786 rerumge.

97 786 378 840 rendarum
407 785 610 855 primus
642 780 893 836 minister.
934 781 1083 838 Huic
1102 799 1387 853 acceptum

97 859 214 912 fero
244 896 263 924 ,
328 858 472 929 quod
509 855 818 912 Alexander
857 855 1057 926 Judaeis
1092 858 1387 930 privilegia

98 931 432 1006 reservavit,
459 930 546 998 &⁹
592 928 908 999 Christianos
943 928 1034 1001 effe
1069 930 1243 1004 paffus
1283 931 1386 1002 cst,

98 1021 159 1059 ut
187 1005 262 1059 ait
287 1003 562 1076 Lamprid.
594 1008 658 1072 ej.
689 1004 799 1058 vita
827 1023 939 1075 cap.
975 1021 1056 1058 22.
1116 1005 1224 1059 Hic
1252 1023 1387 1076 quo-

98 1095 203 1147 que
245 1096 372 1150 erga
411 1076 632 1151 Judaeos
680 1075 1036 1149 propensior,
1092 1077 1280 1133 Severi
1328 1078 1386 1134 δε

95 1150 360 1207 Antonini
403 1150 834 1206 constitutionem
860 1189 878 1216 ,
931 1151 987 1204 in
1026 1152 1257 1225 gratiam
1293 1170 1385 1209 εον

93 1243 207 1279 rem
247 1223 444 1290 latam,
482 1225 629 1279 libris
673 1224 774 1279 suis
817 1225 881 1280 de
921 1222 1102 1280 officio
1144 1227 1383 1282 Procon-

92 1297 210 1352 sulis
258 1298 509 1353 inseruit:
553 1299 791 1369 quamv-is
843 1299 983 1352 enim
1019 1299 1249 1354 Severus
1288 1301 1382 1356 Se-

92 1371 310 1439 ptimius
342 1372 468 1425 olim
490 1372 710 1446 Judaeos
753 1369 1081 1438 mulsitasset,
1121 1372 1380 1445 quodpro

91 1443 271 1515 Nigro
322 1446 412 1499 diu
452 1447 506 1501 in
545 1444 700 1500 arinis
741 1444 993 1501 steterant
1017 1484 1034 1511 ,
1098 1449 1379 1503 Antonino

92 1518 250 1572 etiam
277 1519 307 1572 a
334 1519 534 1573 Senatu
569 1518 823 1591 Judaicus
865 1517 1166 1590 triumphus
1197 1519 1380 1576 decre-

92 1605 179 1644 tus
208 1592 400 1656 fuerit,
444 1607 620 1646 tamen
652 1609 786 1661 quos
815 1610 937 1646 ante
977 1594 1236 1659 oderant,
1278 1613 1378 1665 po·

91 1662 196 1718 stea
236 1664 573 1734 dilexerunt3
615 1664 749 1719 adeo
780 1680 843 1718 ut
873 1664 1236 1720 Hebraeorum
1265 1669 1377 1738 qui„

91 1737 211 1790 dam
244 1736 407 1792 verba
444 1739 685 1793 Danielis
725 1757 839 1810 cap.
883 1757 970 1793 x1.
1012 1739 1079 1793 vs.
1130 1757 1212 1809 34.
1296 1744 1374 1796 Et

85 1812 373 1866 corruendo
399 1812 800 1877 adjuvabuntur
831 1813 1027 1868 auxilio
1049 1823 1262 1886 parvo,
1305 1815 1374 1869 de

86 1879 209 1953 ipsis
243 1884 633 1950 intellexerint,
674 1885 895 1940 aufiore
940 1887 1280 1959 Hieronymo
1317 1889 1374 1943 in

86 1957 297 2012 Daniel.
334 1958 421 2013 lib.
466 1960 529 2013 II.
574 1977 686 2029 cap.
736 1977 814 2013 11.
882 1959 1107 2026 Cetera,
1147 1979 1266 2032 quae
1307 1962 1372 2017 de

85 2027 379 2085 Alexandri
432 2032 619 2087 Severi
669 2031 1061 2089 Christianilino
1097 2072 1115 2099 ,
1180 2050 1371 2091 contra

82 2103 409 2171 Baroniuin,
466 2104 879 2161 Crombachium
933 2107 989 2162 &
1042 2106 1369 2164 Eucherium

83 2175 171 2232 hic
213 2177 408 2233 adferri
441 2178 681 2251 possent,
721 2178 847 2254 Joh.
892 2176 1136 2237 Andreas
1178 2179 1369 2237 Rosius

84 2249 149 2305 de
181 2251 384 2332 lJontif.
409 2272 549 2310 max.
588 2254 722 2327 Imp.
758 2253 914 2314 Rom.
956 2274 1070 2331 cap.
1115 2272 1164 2329 3.
1207 2274 1367 2313 occu-

82 2340 247 2396 pant.

1201 2470 1358 2556 CA‘
