1641 2784
555 131 936 176 'ANNONAE
1312 145 1383 184 343

97 228 494 291 CVRATOR.
532 227 938 285 FRVMENTI
976 226 1120 300 apud
1143 225 1380 285 Fabrett.

92 325 209 380 cap.
248 326 328 363 10.
357 323 409 360 n.
428 310 511 362 28.
541 302 892 374 appellantur.
933 301 1034 357 His
1059 301 1380 375 Papinianus

93 381 201 447 ait,
242 377 597 452 expeditionis
631 390 877 445 tempore
905 377 1186 450 negotium
1213 378 1385 448 copia-

93 472 212 511 rum
231 452 468 508 mandari
498 445 813 504 solitumeffe
844 448 900 501 in
914 449 1158 521 oppidis,
1188 450 1383 521 quibus

96 546 281 582 earum
310 522 578 596 praestatio
622 520 979 576 incumbebat.
1020 524 1056 578 l.
1082 541 1170 579 20.
1212 525 1283 579 D.
1322 523 1382 579 de

92 599 331 673 compenfi
375 597 513 652 Cum
551 595 692 651 enim
729 595 924 650 milites
961 596 1018 651 in
1054 599 1209 653 armis
1254 615 1384 670 pro-

94 674 384 735 cedebant,
425 683 752 726 commeatus
775 668 1118 740 praebebatur
1150 690 1182 725 a
1203 671 1384 726 civita-

96 747 253 801 tibus·
334 744 540 799 Siculus
579 742 793 797 Flaccus
844 741 911 796 de
962 742 1161 798 condit.
1189 762 1381 818 ¹agror.

92 819 307 888 ,Quoties
331 819 492 873 militi
530 818 871 889 praetereunti
916 817 1076 872 aliive
1126 823 1206 875 cui
1242 823 1385 874 comi-

95 897 239 948 tatui
267 908 472 946 armona
496 890 700 962 publicet
727 888 1023 961 praestanda
1047 890 1146 960 est,
1171 894 1224 965 fi
1238 894 1382 962 ligna

94 977 187 1020 aut
198 964 498 1035 stramenta
527 964 882 1036 deportanda,
925 967 1251 1035 quaerendum
1279 982 1386 1037 quae

95 1043 342 1094 civitates
402 1037 577 1108 quibus
632 1041 785 1108 pagis
837 1037 1112 1108 hujusmodi
1167 1055 1384 1094 munera

93 1113 330 1183 praebere
361 1110 532 1184 solitae
555 1111 687 1183 sint.
762 1111 952 1181 Copiae
994 1129 1126 1166 vero
1157 1112 1385 1166 notione

99 1181 340 1240 castrensi
384 1183 502 1237 sunt
546 1201 710 1254 panes
759 1184 1082 1250 buccellati,
1136 1200 1383 1249 acetum,

95 1258 354 1323 laridum,
397 1275 522 1312 caro
549 1262 866 1321 vervecina,
903 1257 1195 1328 pabulum,
1238 1258 1295 1312 &
1332 1258 1386 1312 id

96 1349 302 1404 genus,
344 1348 463 1401 quae
497 1331 689 1403 vulgus
719 1330 1042 1385 munitiones
1077 1348 1253 1386 vocat.
1297 1332 1388 1385 Ci-

99 1424 226 1460 cero
267 1422 369 1475 pro
402 1405 669 1467 Deiotaro
710 1421 825 1475 cap.
863 1417 907 1472 ς.
964 1404 1063 1459 Ille
1099 1408 1385 1461 exercitum

98 1479 439 1534 Cn.‘Domitii
462 1476 574 1552 suis
601 1480 758 1550 copiis
785 1475 859 1544 699
890 1475 1387 1548 testis-sustentavit.

99 1553 298 1605 Plinius
329 1551 674 1623 ‘panegyrico
717 1569 830 1621 cap.
879 1568 961 1621 29.
1039 1554 1187 1606 Emit
1216 1552 1387 1616 Fiscus

102 1625 341 1696 quicquid
382 1625 599 1678 videtur
639 1642 839 1689 emere,
893 1624 1006 1679 inde
1031 1629 1218 1697 copiae,
1269 1627 1387 1680 inde

98 1715 328 1752 antzonae.
381 1697 606 1751 Tacitus
646 1697 735 1751 lib.
779 1714 860 1752 1v.
902 1696 1102 1752 Histor.
1143 1716 1256 1769 cap.
1302 1713 1385 1766 35.

105 1770 264 1824 Mhi!
286 1787 420 1842 aeque
446 1774 698 1826 exercitus
725 1769 920 1840 vostros
942 1809 960 1837 2,
1009 1788 1162 1843 quam
1197 1771 1387 1843 egestas

99 1847 367 1914 copiarum
388 1844 688 1916 fatigabat.
730 1846 866 1900 Haec
893 1845 958 1900 de
984 1861 1208 1901 annonae
1236 1862 1386 1900 cura·

106 1917 313 1971 toribus
344 1916 616 1984 hactenus,

175 1996 227 2053 §-
268 1991 332 2043 ΙΙ.
385 1990 520 2044 Illud
555 2008 688 2046 vero
737 1992 1059 2064 generaliter
1100 1993 1387 2049 tenendum

102 2062 177 2119 est
193 2101 210 2128 ‚
234 2064 289 2118 in
316 2063 620 2118 civitatibus
637 2066 922 2136 primariis,
953 2083 1135 2121 omnes
1154 2064 1252 2122 hos
1269 2063 1389 2122 AE-

104 2137 289 2192 dilium
339 2137 608 2205 adjutores
656 2136 847 2209 suilse3
896 2158 996 2195 nec
1045 2141 1389 2215 magistratu,

101 2209 189 2265 led
230 2211 491 2282 personali
529 2229 747 2268 munere
787 2213 1017 2268 functos.
1073 2214 1110 2268 l.
1154 2231 1198 2271 1.
1239 2223 1292 2280 §-
1338 2234 1385 2269 2.

103 2283 138 2339 l.
172 2301 217 2353 3.
245 2291 298 2350 5.
336 2303 415 2339 12.
456 2284 528 2338 D.
554 2285 612 2341 de
641 2304 772 2342 mun.
816 2285 890 2354 69⁹
927 2288 1105 2344 honor.
1179 2290 1390 2344 Pariter

105 2361 248 2414 enim
273 2376 334 2416 ac
359 2354 591 2416 Athenis
623 2359 962 2417 Metronomi
981 2398 1000 2427 ‚
1038 2360 1248 2419 Sitonae.
1267 2403 1284 2430 ,
1316 2362 1392 2415 Si-

836 2434 895 2490 Y
932 2455 967 2506 4
1312 2452 1392 2487 to-
