1641 2784
238 147 315 196 250·
530 133 1154 187 CAP.V11.DEJUDAEIS
1176 139 1257 184 m-

236 235 346 294 Dei
370 250 483 304 cap.
519 248 599 287 11.
640 232 873 289 Rutilius
891 246 1097 306 gentem
1124 235 1391 307 obscaenam
1418 237 1511 292 lib:

241 327 284 370 Ι.
329 307 450 361 Itin.
480 307 548 361 vs.
571 313 691 378 387.
709 305 1518 383 AmmianusfoetentesJudaeos

235 381 560 455 appellavit,
613 381 700 437 lib.
734 401 816 437 22.
848 402 961 455 cap.
997 398 1039 452 ς.
1099 384 1347 453 Inprimis
1385 403 1519 440 vero

235 474 450 512 morum
483 455 540 510 δε
568 455 810 512 ciborum
839 459 977 514 ratio
1011 459 1293 529 peculiaris
1333 457 1520 513 exosos

236 549 332 586 eos
374 530 630 586 reddebat
673 531 874 587 cunctis
906 554 917 588 z
972 532 1110 587 unde
1140 546 1424 603 μισανθρωπία
1457 532 1522 587 iis

237 606 497 659 tribuitur
523 605 665 676 apud
699 605 1026 661 Diodorum.
1066 607 1334 674 Adversus
1359 621 1521 662 omnes

234 683 363 735 alios
403 678 571 753 hostile
600 681 765 736 odium
796 719 813 745 ,
871 683 945 735 ait
980 681 1160 736 Tacit.
1188 681 1276 735 lib.
1308 701 1357 734 v.
1386 678 1525 733 Hist.

237 771 351 824 cap.
379 766 422 821 ς.
467 753 614 820 Quid
643 755 900 826 amplius?
928 753 1372 826 Eoimpudentiae
1399 771 1528 825 pro-

236 825 458 883 cellerat
496 826 710 884 inficeta
748 826 1107 899 posteriorum
1145 828 1521 902 magistrorum

234 900 615 973 interpretatio
644 941 662 968 ,
703 917 765 956 ut
799 901 1084 957 secundum
1121 903 1267 976 leges
1296 902 1408 956 suas
1439 919 1524 955 ex-

236 989 453 1031 traneos
485 974 746 1031 beneficio
771 973 981 1031 afficere
1008 974 1251 1030 illicitum
1267 975 1524 1030 existima-

235 1067 389 1118 rent3
432 1050 578 1121 quod
615 1050 828 1106 damnat
854 1049 1132 1124 Juvenalis
1161 1050 1265 1104 Sat.
1297 1067 1421 1103 xlv.
1451 1047 1521 1102 vs.

238 1140 357 1192 103.
402 1125 523 1179 Non
553 1123 840 1195 monstrare
865 1127 1015 1189 vias,
1053 1124 1224 1180 eadem
1250 1122 1520 1198 nist-sacra

235 1199 435 1253 colenti.
476 1198 601 1253 Hoc
631 1197 971 1254 certisfimum
995 1198 1353 1269 pronunciare
1377 1198 1523 1263 licet,

235 1288 330 1325 eos
375 1270 592 1337 abjestze
634 1271 787 1326 sortis
814 1310 833 1338 ,
885 1272 940 1325 in
981 1274 1068 1326 illa
1099 1288 1363 1326 terrarum
1396 1273 1519 1326 Dea

233 1350 587 1417 gentiumque
627 1344 803 1400 Roma
848 1342 1038 1399 fuilse:
1091 1345 1342 1400 vilissimis
1381 1345 1523 1398 enim

233 1418 596 1472 mercimoniis
625 1418 673 1473 se
704 1418 1020 1474 tolerabant.
1092 1418 1356 1474 Martialis
1400 1436 1523 1472 cum

235 1491 567 1546 institoribus
598 1497 788 1547 mercis
822 1493 1140 1564 sulphuratae
1182 1512 1271 1548 eos
1302 1496 1522 1561 conjun-

235 1565 320 1638 git
360 1568 389 1618 l.
424 1583 548 1620 x11.
588 1583 672 1637 ep.
721 1579 801 1635 57.
865 1566 1140 1640 Juvenalis
1180 1569 1330 1622 velut
1367 1584 1517 1620 mera

235 1637 605 1694 mendicabula
652 1639 897 1713 depingit
922 1678 941 1706 ,
983 1641 1075 1711 qui
1110 1639 1200 1695 sub
1238 1639 1518 1695 arboribus

236 1712 511 1786 conductis
541 1713 681 1768 sacra
697 1715 1077 1784 perficiebant3
1109 1731 1313 1786 quorum
1351 1713 1520 1784 cophi-

236 1787 633 1858 nussoenzmzque
649 1786 905 1859 stapam,
943 1790 1030 1841 sat.
1070 1805 1186 1843 111.
1216 1789 1284 1843 vs.
1323 1805 1401 1858 14.
1442 1788 1519 1840 Ut

236 1861 373 1915 adeo
405 1861 665 1932 quilibet,
703 1863 788 1916 vel
822 1880 907 1917 me
945 1860 1129 1916 silente
1150 1900 1168 1928 ,
1202 1881 1269 1915 ex
1295 1859 1376 1916 his
1400 1877 1518 1931 per-

234 1935 420 2006 spiciat
436 1972 455 2000 ,
496 1934 788 2005 Ulpianum
801 1934 1040 1992 nostrum
1068 1935 1134 1990 de
1148 1935 1349 2009 Judaeis
1366 1973 1384 2000 2
1406 1934 1516 1987 Ro-

235 2027 336 2063 mae
363 2007 679 2082 degentibus
718 2027 831 2064 non
855 2010 1036 2082 loqui:
1091 2011 1184 2081 qui
1224 2010 1362 2065 enim
1389 2008 1517 2061 viles

235 2081 295 2136 hi
338 2083 403 2139 ad.
445 2083 718 2150 honoreS‚
756 2085 841 2139 vel
887 2085 953 2139 ad
977 2086 1125 2139 illum
1151 2082 1333 2138 mundi
1362 2080 1519 2134 verti-

237 2173 354 2210 cem
377 2195 396 2223 ,
445 2175 728 2231 arcemque
755 2158 996 2213 omnium
1025 2173 1318 2222 terrarum,
1358 2155 1519 2210 Sena-

237 2245 354 2284 tum
379 2268 398 2295 ,
448 2231 712 2303 adspirare
748 2233 1042 2304 potuissent
1069 2233 1084 2284 ?
1122 2232 1182 2286 In
1214 2227 1519 2299 municipiis

240 2320 421 2357 autem
444 2322 497 2357 et
523 2306 746 2360 coloniis
767 2345 785 2373 ,
809 2307 936 2363 licet
973 2305 1127 2361 multi
1151 2302 1326 2378 Judaei
1351 2306 1520 2382 inopes

241 2376 519 2454 vilihzgsque
538 2384 858 2441 commerciis
884 2383 1119 2455 occupati
1140 2376 1322 2452 effi’nt,
1333 2390 1417 2506 ἦε
1443 2391 1519 2430 ait

1409 2466 1525 2506 ieo-
