1641 2784
222 143 291 185 34,
534 123 774 165 AEDILES
802 125 1185 170 cunm-ones

223 218 574 280 intercesserit
614 221 934 278 fimil-itudo:
975 222 1064 288 δε,
1096 221 1192 277 nis1
1220 240 1304 279 me
1329 228 1506 281 omnia

221 297 442 357 fallunt,
483 311 707 350 annonae
742 314 925 350 curam
952 296 1142 352 nostris
1176 312 1284 351 tarn
1308 300 1507 371 perspi-

223 387 325 423 cue
366 367 683 435 x'indicabo,
733 386 796 424 ut
832 386 943 424 non
968 371 1048 425 lac
1095 370 1219 426 laeti
1267 371 1511 426 videatur

225 439 474 507 similius,
515 461 676 515 quam
717 438 937 498 AEdilis
976 445 1311 516 municipalis
1340 442 1510 499 Athe-

224 511 486 570 niensium
528 515 902 588 Agoranomo.
984 518 1378 572 Przemittemus
1421 536 1511 572 au-

231 604 341 643 tem
366 607 537 659 pauca
566 591 630 645 de
674 591 1116 646 concurrentibus
1159 609 1384 646 annonae
1430 609 1514 644 cu-

227 662 531 730 ratoribUS,
586 665 679 735 qui
722 683 854 720 cum
905 661 1199 720 AEdilibus
1246 681 1359 719 non
1395 663 1516 717 sunt

228 735 609 792 confundendi.
693 736 968 809 Siquidem
996 740 1222 793 coloniae
1263 745 1314 793 ὅτ
1345 739 1518 791 muni-

228 810 373 882 cipia
397 812 600 882 optime
628 812 894 878 sciebant,
950 813 1136 883 quanti
1175 812 1262 866 sua
1303 807 1514 864 interes-

229 883 306 939 set
345 885 598 940 frumenti
650 885 850 940 habere
905 886 1148 957 copiam,
1210 900 1515 954 quantaque

230 959 572 1013 incommoda
630 978 697 1013 ez<
749 958 1101 1014 immoderata
1126 962 1251 1026 ejus
1291 956 1515 1029 penuria

231 1034 616 1107 gignerentur,
655 1032 938 1087 secundum
967 1033 1156 1086 tritum
1185 1032 1342 1086 illud:

303 1143 321 1150 -
357 1139 378 1148 -
418 1143 434 1150 -
515 1108 732 1161 Irarum
766 1125 862 1161 cau
883 1124 943 1161 as
983 1105 1057 1173 &³
1077 1105 1287 1175 summa
1307 1105 1513 1179 favoris

301 1182 530 1234 Annona
568 1191 821 1235 momenta
847 1177 1015 1234 trahi.

234 1253 355 1306 Hae
381 1264 611 1322 propter
638 1255 816 1306 varios
833 1290 850 1316 ,
889 1270 992 1323 pro
1021 1271 1079 1308 re
1108 1268 1261 1316 nata,
1317 1252 1520 1307 utinm«

235 1343 325 1378 mo
354 1324 480 1377 huic
513 1325 724 1378 muneri
748 1326 1160 1396 proponebant,
1212 1331 1424 1382 Sitonas
1464 1325 1522 1378 Se

239 1399 511 1462 Olearios,
554 1397 645 1467 qui
673 1398 1036 1465 frumentum,
1074 1400 1171 1465 sal,
1210 1402 1420 1464 oleum,
1450 1399 1523 1451 vi-

187 1522 192 1529 .
236 1489 399 1536 num,
452 1488 645 1541 panem
686 1471 743 1525 δε
766 1472 1012 1542 reliqua,
1044 1473 1110 1527 ad
1154 1474 1524 1543 quotidianum

236 1545 387 1600 usum
424 1542 737 1610 necessaria,
778 1546 1005 1599 nummis
1030 1564 1060 1599 a
1100 1545 1223 1601 fisco
1253 1546 1519 1616 acceptis,

237 1632 648 1690 compararent,
699 1617 1018 1691 susciperent
1053 1618 1110 1672 &
1151 1619 1322 1674 donec
1359 1617 1521 1673 distri-

239 1693 505 1747 bueretur
533 1708 626 1746 aut
657 1708 1073 1763 exportaretur,
1112 1692 1168 1745 in
1192 1691 1401 1747 horreis
1431 1709 1529 1762 pu-

235 1766 388 1821 blicis
416 1762 738 1821 asservarent
765 1767 800 1820 l.
855 1768 903 1821 6.
939 1772 991 1829 §-
1024 1769 1071 1820 8.
1101 1767 1183 1818 D.
1217 1768 1278 1821 de
1302 1767 1527 1839 excusat»

242 1842 274 1895 l.
310 1858 352 1895 1.
383 1840 417 1892 l.
436 1839 531 1910 fin.
561 1845 614 1903 §-
660 1854 702 1907 ς.
749 1841 829 1891 D.
859 1839 918 1894 de
957 1855 1153 1894 muner.
1229 1839 1374 1893 Hinc
1410 1855 1525 1891 mu-

237 1931 339 1968 nus
357 1912 580 1967 Sitoniae
605 1913 659 1966 in
687 1914 721 1967 l.
744 1930 789 1967 2.
807 1922 892 1984 pr.
911 1913 983 1966 D.
1002 1914 1063 1968 de
1079 1923 1257 1968 vacat.
1280 1910 1521 1981 &excuſs

243 1986 539 2058 Coemptio
565 1987 653 2041 lib.
685 2003 766 2041 10.
795 1989 846 2041 C.
889 1985 1024 2054 Just.
1056 1990 1142 2040 tit.
1187 2000 1271 2054 27.
1316 1984 1527 2057 publica

241 2060 577 2131 comparatio
607 2060 696 2114 lib.
731 2077 812 2113 11.
840 2061 892 2114 C.
927 2059 1022 2114 Th.
1052 2063 1140 2114 tit.
1174 2075 1256 2127 ις.
1293 2057 1383 2112 ubi
1410 2057 1525 2110 Do-

243 2133 492 2188 ctiffimus
542 2134 845 2204 interpres,
902 2131 1022 2204 post
1068 2130 1423 2205 Augustinum
1463 2128 1529 2183 ad

241 2205 533 2261 Modestini
560 2208 657 2261 (LI.
676 2208 725 2262 6.
755 2213 808 2270 §-
829 2211 876 2263 8.
899 2206 1248 2274 &Cujacium
1277 2205 1310 2256 1.
1347 2221 1389 2257 1.
1412 2203 1529 2256 Ob-

241 2279 372 2333 serv.
403 2298 516 2350 cap.
556 2295 639 2350 35.
676 2280 941 2335 videatur.
1016 2280 1220 2334 Praeter
1258 2275 1358 2332 hos
1398 2279 1530 2348 Epi-

225 2352 370 2426 scopi
404 2353 656 2424 panificio
708 2353 766 2411 ὃς
801 2352 994 2423 ceteris
1051 2349 1323 2422 venalibus
1364 2349 1524 2404 rebus

173 2435 185 2444 ⁸
1387 2439 1524 2497 Psae‘}
