1641 2784
203 125 257 164 60·
419 121 544 163 CAP.
571 122 628 162 11.
655 120 733 160 DE
754 118 1290 166 MAGISTRATIBUS

211 214 516 274 COLoniae
549 214 922 290 Lugdunensis
940 254 957 283 ,
979 216 1052 271 est
1080 217 1131 271 in
1149 217 1322 290 lapide
1351 219 1497 278 Gru-

210 292 316 347 teri
346 310 467 364 pag.
494 290 618 360 464.
652 308 795 344 num.
824 305 870 359 9.
918 308 1129 347 PATRES
1170 309 1244 346 ET
1286 310 1404 349 Pop.
1436 314 1493 351 IN

208 383 355 422 URBE
395 380 591 419 MUNDA
620 380 742 438 pag.
768 366 881 421 168.
910 382 1054 419 num.
1081 384 1133 435 4.
1158 382 1492 424 CONSCRIPTI

211 456 334 512 pag.
374 437 500 506 456.
534 454 576 493 1.
618 437 675 492 δε
719 438 940 505 junctim
976 440 1236 510 Campani
1262 442 1495 498 decurio-

211 528 296 566 nes
346 527 559 567 PATRES
614 527 950 567 conscium]
1004 515 1336 569 vocabantur
1361 554 1378 581 ,
1421 516 1496 569 ait

210 584 407 640 Cicero
425 581 703 660 ILAgrar.
735 604 848 656 cap.
876 604 959 656 34.
981 587 1313 659 Conspicuos
1353 587 1496 644 veste

206 659 367 713 nivea
391 662 671 715 Senatores
691 659 836 715 urbis
868 660 1369 727 Hae1nonae‚1audac
1398 663 1495 718 Pa-

206 749 356 788 catus
392 731 621 789 Latinus
659 734 715 788 in
753 751 943 806 paneg.
987 754 1099 806 cap.
1130 751 1212 805 37.
1267 736 1494 791 Senato-

203 824 290 879 res
317 807 548 862 civitatis
579 805 958 862 Alexandrinae
988 807 1043 861 in
1073 810 1106 863 l.
1135 825 1212 878 19.
1243 810 1294 862 C.
1318 810 1411 865 Th.
1432 812 1492 864 de

198 883 353 954 petit.
390 879 447 934 &
489 899 609 936 cum
637 879 973 935 restrifflone
1005 881 1232 951 quadam
1264 884 1491 938 decurio-

205 972 350 1020 nem,
391 952 465 1022 ἐξ)
493 953 592 1021 suae
617 958 773 1010 σαν-ἰῶ
814 955 891 1026 (fi
914 954 985 1024 fic·
1018 956 1120 1009 diez·
1147 961 1385 1027 oportet)
1403 960 1491 1012 Se·

205 1039 476 1095 amtorem,
511 1029 565 1083 in
603 1030 638 1083 l.
671 1045 753 1097 33.
788 1029 840 1084 C.
884 1029 944 1082 de
972 1029 1226 1084 decurion.
1290 1027 1488 1100 Neque

202 1103 381 1157 rarior
418 1102 668 1173 deinceps
699 1101 1292 1156 Senatusconsultorum
1317 1104 1492 1156 munis

203 1176 454 1247 cipalium
479 1177 537 1231 in
564 1174 828 1247 lapidibus
855 1173 917 1229 fit
944 1176 1164 1229 mentio.
1257 1176 1398 1231 Vide
1431 1176 1489 1230 δε

202 1268 460 1321 percurre
500 1249 731 1304 indicem
767 1249 900 1303 Scali
947 1251 1024 1304 eri
1049 1247 1362 1304 historicum
1403 1269 1487 1304 re-

200 1341 320 1377 rum
363 1323 791 1378 memorabilium
818 1361 838 1388 ,
916 1342 931 1377 i
969 1341 1082 1378 rem
1125 1323 1339 1378 dubiam
1383 1322 1485 1379 ess‘e

200 1411 358 1470 putas
387 1418 399 1452 :
441 1396 573 1452 mihi
608 1398 748 1452 enim
769 1414 880 1450 non.
910 1412 1064 1452 vacat
1086 1399 1165 1452 rei
1193 1398 1310 1452 satis
1338 1414 1485 1454 notae

199 1471 413 1543 longius
439 1471 731 1525 immorari.
753 1469 1178 1526 Obtundcndum
1203 1487 1382 1529 autem
1411 1472 1485 1527 se-

199 1546 304 1599 mel
324 1560 439 1599 erat
467 1543 802 1599 eruditorum
834 1562 1035 1618 genus,
1079 1546 1171 1616 qui
1199 1545 1263 1599 ad
1292 1564 1485 1606 vocem

197 1614 475 1674 Senatoris
490 1618 632 1690 apud
646 1617 900 1675 Tacitum
915 1619 1158 1673 lib.XIII.
1174 1614 1316 1673 Ann.
1337 1637 1380 1676 c.
1393 1623 1485 1688 48.

204 1707 313 1746 tam
339 1690 690 1747 vehementer
727 1691 949 1746 aestuant
978 1731 996 1758 ,
1029 1695 1117 1749 vel
1151 1692 1323 1748 nescio
1355 1694 1483 1764 quid

202 1783 272 1821 ex
308 1761 494 1820 Africa
534 1766 665 1820 novi
695 1766 1068 1831 cornicantur,
1108 1762 1273 1821 sicubi
1305 1770 1483 1839 operi-

200 1841 301 1896 bus
332 1839 558 1912 publicis
596 1839 838 1910 portisve
877 1840 1156 1909 civitatum
1191 1841 1485 1912 municipa-

201 1915 331 1969 lium
374 1914 425 1967 S.
464 1914 521 1968 P.
571 1914 644 1982 Q
680 1930 863 1967 notam
891 1914 1102 1968 incisam
1125 1913 1329 1971 'videno
1369 1914 1483 1969 No-

204 1987 396 2042 tandus
430 1989 590 2043 etiam
618 1986 901 2042 videbatur
919 1988 996 2041 Cl.
1019 1988 1371 2054 Dodwellus‚
1390 1987 1483 2058 qui

198 2063 257 2119 in
281 2061 516 2131 praelec'h
549 2060 680 2132 3.ad
711 2060 979 2133 Spartiani
1010 2061 1340 2116 Hadrianum
1364 2079 1413 2114 n.
1433 2078 1480 2130 3.

200 2151 401 2192 nomen
431 2134 706 2191 Senatoris
745 2135 1122 2191 decurionibus
1162 2134 1484 2190 attributum

203 2223 400 2283 negat:
449 2225 569 2263 cum
606 2225 782 2264 tamen
819 2209 954 2270 adeo
996 2209 1051 2264 id
1086 2211 1333 2280 frequens
1365 2208 1480 2262 fue-

203 2283 306 2349 rit,
347 2296 410 2336 ut
436 2280 720 2337 Senatores
737 2282 969 2341 Romani
997 2282 1298 2338 discriminis
1331 2281 1481 2339 causa

202 2357 482 2415 Senatores
526 2356 690 2414 Urbis
713 2393 734 2424 ,
783 2356 841 2412 &
870 2357 1067 2431 Populi
1092 2357 1346 2420 Romani,
1387 2373 1480 2410 eo-

1328 2446 1477 2484 rum·
