1641 2784
359 122 801 170 conomnntJM
826 120 908 165 ετ
927 104 1214 167 Mumcff.
1375 121 1421 174 ’τι

131 242 145 252 ’
197 225 259 281 Si
286 236 454 279 tamen
484 221 688 277 Italicis
705 218 882 285 fixerit
913 219 1115 294 legatus
1136 219 1191 273 in
1207 219 1324 272 oris
1348 251 1353 255 -
1387 222 1390 223 ’

194 297 424 374 Regius,
486 291 575 350 hoc
612 293 773 366 ipstcm
804 291 961 364 Regis
1007 292 1117 346 vice
1143 292 1292 364 juris
1318 292 1414 347 ha-

345 368 473 424 bebic
490 408 518 432 ,⁷
589 416 591 418 .
1252 371 1281 429 s

199 444 280 499 Et
308 446 364 496 de
389 437 677 510 Constae'le'bus
698 433 950 508 disponere
985 438 1166 492 cum‘Za
1201 438 1414 504 valebit.
1449 504 1451 506 q

199 521 259 583 §—
297 515 421 573 VII.
460 513 595 568 Haec
609 509 819 566 abunde
845 508 999 575 satis,
1039 512 1104 567 ad
1130 511 1415 568 conficien-

131 590 261 648 dum
308 587 362 643 id
409 585 556 659 quod
594 581 938 660 propositum
965 600 1110 650 erat,
1154 586 1418 658 disputata

127 664 245 721 sunt
267 658 539 716 hac‘lenus.
621 658 728 715 Sed
759 671 821 712 ut
846 656 977 711 viris
1023 655 1232 711 summis
1270 660 1418 714 omni

124 754 192 791 ex
214 750 367 806 parte
390 732 610 789 satisfiat
624 771 642 798 ‚
679 731 990 804 paritasque
1012 729 1418 806 magistratuum

121 807 523 879 municipalium
578 824 701 861 cum
754 804 1189 875 metropolitanis
1253 806 1415 860 latius

125 879 465 946 ostendatur,
504 878 726 934 unicum
763 877 952 933 addam
1002 893 1416 951 argumentum,

125 953 190 1009 de
218 970 329 1025 quo
366 970 477 1007 non
504 953 712 1018 mium,
765 955 926 1025 quam
958 949 1028 1005 ‘de
1074 952 1183 1024 ipsa
1222 952 1415 1006 verita-³

121 1040 208 1093 te,
267 1024 522 1082 dubitasse
559 1027 861 1081 conveniet.
935 1023 1193 1081 Dictator
1241 1026 1298 1079 in
1335 1044 1418 1080 re-

120 1099 334 1173 publica
372 1099 614 1155 Romana
647 1098 877 1154 summus
922 1099 1115 1171 populi
1154 1114 1270 1154 erat
1308 1117 1417 1153 ma-

118 1172 315 1248 gister,
370 1175 519 1241 cujus
561 1170 704 1228 dicto
759 1172 1037 1227 audientes
1081 1171 1183 1228 else
1228 1186 1413 1226 omnes

120 1245 445 1318 oportebat,
510 1247 712 1318 quique
760 1246 994 1318 imperio
1040 1264 1101 1302 ac
1151 1246 1415 1320 dignitate

120 1320 259 1391 ipsos
303 1321 463 1375 etiarn
490 1321 744 1375 Consules
782 1319 1094 1392 superabat3
1150 1335 1213 1375 ut
1251 1320 1412 1373 Caesa-

119 1393 191 1448 ris
233 1394 480 1464 exemplo
521 1392 761 1459 constat,
825 1410 887 1448 ac
928 1411 996 1448 ex
1047 1393 1227 1448 tabula
1266 1411 1415 1448 :enea

120 1466 265 1537 apud
307 1466 530 1522 Gruter.
561 1483 683 1539 pag.
740 1466 859 1534 502.
901 1465 1177 1522 manifesto
1217 1467 1415 1537 proba-

122 1554 224 1594 tur.
305 1540 491 1594 Verba
525 1540 601 1594 ibi
626 1543 883 1612 leguntur
920 1538 1042 1593 ista:
1083 1540 1238 1611 Quid.
1268 1559 1412 1595 mmc.

118 1631 511 1669 commemorem.
538 1610 864 1670 Distaturae.
894 1611 996 1667 hoc.
1025 1613 1139 1686 ipso.
1183 1611 1415 1685 Corqlicla-

121 1688 189 1740 ri.
242 1689 524 1759 imperium.
583 1687 863 1741 valentius.
923 1695 1209 1758 repertum.
1260 1685 1415 1757 apud.

122 1759 358 1828 majores.
414 1758 621 1831 nostros.
697 1758 1139 1817 Eodem-autem
1194 1757 1414 1813 nomine

123 1829 448 1896 Tusculum,
501 1831 656 1887 Caere
685 1849 746 1887 ac
785 1831 1128 1893 Lanuvium,
1164 1831 1414 1902 antiqujlt

124 1899 251 1957 sima
287 1902 606 1975 municipia,
659 1905 919 1959 summurn
954 1904 1224 1960 rectorem
1260 1908 1412 1961 suum

121 1975 501 2043 nominabant³²
552 1977 773 2033 auclore
813 1976 978 2032 Livio
1020 1978 1108 2033 lib.
1152 1979 1247 2035 ΙΙΙ.
1288 1995 1408 2050 cap.

125 2054 210 2106 18.
252 2049 310 2104 &
365 2049 454 2105 lib.
510 2051 608 2105 VI.
656 2069 772 2123 cap.
828 2051 938 2107 26.·
978 2051 1230 2107 Ciceron.
1297 2070 1406 2122 pro

120 2119 333 2178 Milone
372 2140 487 2195 cap.
544 2140 624 2179 10.
678 2137 760 2193 17.
801 2123 859 2177 &
899 2123 1128 2181 Gruteri
1169 2124 1404 2197 inscript.

121 2211 245 2269 pag.
277 2213 396 2266 214.
471 2196 629 2252 Plane
657 2198 797 2253 Cato
826 2197 1168 2255 Dictatorem
1192 2198 1408 2255 ordina-

121 2271 264 2326 rium
287 2268 436 2326 Latii
466 2271 843 2345 magistratum,
858 2270 1008 2328 suilse
1034 2271 1265 2331 ostendit
1288 2311 1306 2338 ,
1326 2273 1408 2326 O-

121 2343 223 2422 rig.
246 2343 339 2402 lib.
369 2361 419 2399 2.
451 2343 662 2403 Lucium
693 2347 980 2430 Difmium,
1018 2349 1071 2403 in
1097 2364 1304 2404 nemore
1332 2351 1409 2400 A-

747 2419 792 2473 h
830 2439 867 2488 4
1282 2438 1411 2479 em·
