1641 2784
566 128 974 172 AEDILIUM:
1309 130 1425 182 αις

120 229 304 305 [igniti.
368 226 708 300 Capitolinus
749 228 808 280 in
843 221 1134 282 Antonino
1182 236 1298 296 cap.
1334 231 1431 281 10:

125 307 330 362 Multos
354 320 418 360 ex
443 304 624 358 amicis
647 296 959 371 inscitatum
986 299 1206 370 allegit,
1235 314 1348 353 cum
1361 317 1427 355 ae-

126 380 311 435 dilitiis
340 375 724 448 antpraetoriis
739 372 1128 443 dignitatibus,
1155 371 1329 429 multis
1354 370 1433 445 se-⁴

127 451 399 509 natoribus
421 445 745 522 *pauperibus
756 448 872 519 fine
900 450 1116 503 crimine
1140 446 1428 518 dignitates

127 526 441 583 tribunicias
477 521 808 592 aedilitiasque
850 519 1090 593 conceffit.
1153 515 1425 575 Ausonius

128 603 183 655 in
216 614 412 670 paneg.¹
450 612 565 666 cap.
610 611 689 664 13.
731 592 1098 662 ,Quintilianus
1138 592 1432 665 consularia

121 686 225 748 per
246 672 548 726 Clementem
577 678 887 724 ornamenta
894 667 1124 741 sortitus
1137 705 1156 734 ,
1198 666 1426 737 honesta-

127 754 303 803 menta
342 746 557 799 nominis
591 745 765 815 potius
800 742 1016 798 videtur
1045 780 1063 808 ‚
1115 758 1268 815 quam
1312 743 1429 815 insi-

116 823 250 892 gnia
287 816 558 891 potestatis
598 813 836 889 habmffe.
912 815 1124 871 Eodem
1158 813 1326 874 modo
1367 815 1426 871 in

127 892 355 949 coloniis
385 891 442 944 δε
468 890 771 962 municipiis
787 927 807 956 ‚
850 887 1167 946 decuriones
1196 888 1346 946 urbis
1364 886 1429 942 fi-

127 967 256 1028 mii,
295 966 357 1020 iis
394 964 487 1035 qui
526 964 855 1030 Duumviri,
896 959 1168 1030 AEdiles,
1208 963 1295 1020 vel
1339 961 1430 1018 de-

129 1041 378 1097 curiones
397 1054 506 1092 non
535 1036 778 1105 fuissent,
818 1036 1042 1095 honoris
1065 1037 1244 1111 gratia
1268 1053 1428 1092 orna-

129 1128 310 1168 menta
339 1111 720 1166 Duumviralia
761 1112 849 1166 vel
878 1111 1300 1176 Decurionalia,
1353 1110 1428 1164 vi-=

128 1189 209 1241 vis
245 1186 330 1239 vel
359 1183 587 1239 mortuis
621 1182 993 1240 decernebant.
1074 1185 1165 1241 Sic
1202 1186 1262 1239 P.
1303 1179 1432 1240 AE-

127 1261 227 1315 lius
258 1257 569 1331 Philologus
603 1254 899 1313 ORNAT.
931 1255 1238 1314 ORNAM.
1268 1258 1431 1313 IIVI-

127 1329 300 1389 RAL.
334 1332 476 1403 apud
504 1331 793 1401 Gruter.3.
824 1348 948 1402 pag.
982 1344 1102 1401 374.
1132 1331 1192 1386 δε
1214 1332 1272 1386 Ρ.
1292 1332 1428 1387 Cor-

128 1408 299 1462 nelius
325 1404 498 1477 Asper
540 1401 1065 1460 ORNAMENTis
1107 1405 1428 1461 DECVRI-

128 1477 416 1536 ONATV
424 1480 457 1535 S
487 1478 822 1545 honoratur,
862 1477 1005 1551 apud
1039 1478 1269 1534 eundem
1293 1480 1351 1535 in
1373 1485 1433 1550 4)

126 1574 252 1628 pag.
291 1566 411 1623 395.
463 1547 554 1608 Ad
582 1566 898 1619 ornamenta
926 1566 1108 1608 autem
1147 1548 1426 1610 AEdilitia

126 1626 434 1699 pertinebat
475 1626 618 1682 sedes
669 1627 912 1699 quaedam
962 1627 1158 1693 altior,
1208 1628 1265 1682 in
1318 1645 1425 1699 qua

126 1707 207 1770 {us
237 1702 472 1756 dicentes
498 1701 780 1767 sedebant,
810 1719 1039 1774 quaeque
1053 1699 1271 1757 fortass'e
1299 1720 1425 1757 cum

126 1775 536 1847 procederent,
599 1790 662 1831 ut
713 1777 832 1832 sella
888 1777 1084 1833 curulis
1131 1772 1424 1832 AEdihum

127 1850 415 1905 Curulium
442 1887 461 1915 ,
524 1851 708 1905 currui
769 1849 1167 1923 imponebatur.
1268 1849 1424 1923 Bigae

123 1925 270 1979 enim
297 1924 668 1979 Duumviralis
696 1927 900 1980 mentio
928 1923 1072 1997 apud
1104 1923 1268 1981 Grut.
1294 1943 1364 1996 pa
1407 1964 1424 1978 .

123 2003 249 2066 45'1.
293 1997 502 2072 HVic.
546 1998 807 2055 PRIMO.
833 1996 1266 2055 11V1R.B1GA.
1301 1941 1424 2054 Ρᾶ-

125 2068 306 2127 SITA
347 2070 404 2125 <Sc
442 2072 500 2126 in
536 2074 845 2140 Vejentano
892 2072 1243 2147 psephismate
1280 2072 1426 2144 apud

123 2144 439 2200 -Fabrettum
460 2165 577 2218 cap.
603 2147 702 2205 IX.
744 2167 796 2203 n.
843 2162 962 2220 5¹17.
999 2140 1253 2203 BIGAE.
1289 2147 1424 2203 DE-

129 2219 449 2274 CVRION.
527 2221 725 2280 Honos
777 2223 993 2296 quidem
1030 2223 1165 2278 sellae
1220 2222 1419 2280 curulis

125 2312 248 2348 cum
275 2293 582 2366 municipiis
611 2315 722 2352 non
751 2299 855 2354 suit
889 2299 1332 2367 communicatus;
1361 2311 1426 2351 ut

127 2366 338 2427 Roccus
388 2371 625 2443 Vulpius
668 2373 933 2446 existimat
956 2412 976 2443 ,
1012 2389 1123 2448 yet.
1168 2370 1424 2501 Lat-11³1?-
