1641 2784
560 127 968 170 EDILIUM:
1331 134 1405 180 43²

112 233 244 307 quit.
324 228 450 285 Scio
482 226 628 281 hunc
652 222 1010 297 fignificatum
1034 243 1147 282 non
1171 222 1406 297 elseper-
1435 234 1438 235 ’

107 321 338 382 petuum
361 299 505 375 apud
531 297 951 373 Jurisconsultos
966 338 986 367 2
1026 302 1201 356 multo
1229 300 1402 355 minus

103 379 248 455 apud
273 378 471 433 Poetas
496 372 799 427 licentiosos
818 411 836 439 ,
854 373 912 428 &
940 375 1165 431 vocibus
1199 374 1406 447 promi-

105 456 226 510 scue
253 463 466 507 utentes
483 484 501 512 2
540 457 708 518 prout
731 446 930 519 aliquid
957 466 1286 524 exaggerare
1316 448 1403 503 vel

107 529 405 584 diminuere
435 522 678 592 cupiunt.⁴
735 520 854 575 Stat
877 521 1039 578 etiam
1067 542 1171 595 pro
1196 523 1284 577 illa
1311 540 1405 576 cx-

107 601 399 675 plicatione
427 610 584 651 vetus
610 592 761 667 Junii
791 594 1106 651 Scholiastes
1123 636 1142 663 ,
1171 597 1237 652 ad
1261 595 1407 652 hunc

105 679 287 731 locum
323 668 581 726 scribens:
636 665 922 739 Praefellus
964 670 1037 739 ἐξ
1076 671 1256 743 Consul
1292 687 1406 726 cum

102 746 330 822 periculo
360 743 451 816 effe
486 744 655 798 mavis
674 780 692 808 ,
732 760 802 798 an
815 746 1031 816 securus
1060 748 1307 800 minorem
1326 746 1404 800 di-

103 825 365 894 gnitatem
393 816 802 888 admimstrare‚
841 828 901 874 ut
934 820 1004 891 fis
1032 819 1264 884 AEdilis,
1304 829 1402 874 aut

102 905 328 952 curator
353 893 683 965 cujuscunque
717 900 909 963 parvae
949 896 1230 950 civitatis?
1281 890 1403 947 Ma-

105 969 188 1041 gis
227 985 361 1022 vero
401 965 641 1031 inclino,
694 979 758 1020 ut
804 965 1086 1021 Potestatis
1131 966 1403 1022 vocabulo

103 1040 426 1096 Praefectum
463 1058 530 1094 ex
567 1038 717 1094 Urbe
764 1038 970 1095 missum
1006 1041 1366 1114 intelligamus
1377 1077 1398 1105 ,

106 1115 198 1185 qui
222 1112 562 1181 juridicundo
585 1126 851 1183 praeerat:
891 1112 1019 1169 huic
1048 1115 1192 1170 enim
1222 1113 1282 1167 in
1314 1112 1398 1169 de-

102 1187 249 1242 sertis
281 1184 503 1240 urbibus
543 1186 870 1258 jungebatur
893 1181 1151 1253 Affinis,
1193 1188 1286 1258 qui
1317 1206 1397 1243 re-

102 1262 248 1331 liqua
274 1273 505 1314 curaret.
545 1259 692 1312 Hinc
706 1258 983 1331 Juvenalis
1013 1262 1069 1313 in
1087 1263 1396 1333 exemplum

101 1332 430 1389 desertiffimi
482 1333 591 1386 loci
637 1349 835 1388 vacuas
877 1333 1108 1389 Ulubras
1140 1334 1391 1405 adducit3

102 1408 227 1478 quia
257 1407 494 1480 oppidum
518 1416 644 1460 erat
666 1424 700 1461 a
729 1406 791 1465 1*ss
836 1409 977 1462 viris
1002 1406 1261 1464 dedusslum
1278 1444 1292 1468 ‚
1302 1418 1393 1480 po-

84 1481 208 1550 stea
248 1499 284 1535 a
313 1481 479 1554 Druso
523 1480 723 1551 Caesizre
756 1479 1082 1550 eastinft'um:
1113 1499 1252 1552 ager
1289 1485 1392 1552 ejus

98 1558 155 1609 in
195 1555 478 1609 nominibus
517 1552 585 1621 est
623 1552 938 1626 affignatus,
990 1556 1063 1608 ait
1100 1555 1392 1610 Frontinus

101 1627 167 1680 de
193 1629 369 1682 colon.
400 1645 521 1701 pag.
560 1633 676 1684 108.
750 1628 853 1683 Sed
880 1645 934 1682 et
957 1646 1080 1682 ante
1109 1630 1345 1685 Drusum
1370 1668 1389 1695 ‚

97 1700 315 1755 Tiberii
355 1701 556 1766 filiurn,
607 1700 753 1756 Latii
791 1701 927 1756 istud
969 1702 1265 1774 oppidum,
1321 1705 1392 1760 ob

98 1790 419 1844 corruptum
452 1774 606 1829 valde
634 1787 848 1841 aerem,
889 1775 1283 1833 habitatoribus
1299 1797 1388 1832 va·

97 1867 259 1904 cuum
298 1847 447 1905 fuiffe
473 1849 718 1919 videtui-3
771 1851 894 1921 quia
930 1850 1193 1906 Horatius
1226 1851 1314 1907 lib.
1345 1853 1388 1909 L·

98 1922 247 1994 epist.
292 1941 369 1977 11.
407 1923 475 1976 vs.
508 1940 592 1993 30.
627 1924 846 1988 cecinit,
895 1925 1131 1979 animum
1170 1945 1385 1998 aequum

100 1996 487 2052 etiamUlubris
504 1996 689 2050 haberi
704 1996 851 2069 posse
869 2038 886 2064 ,
908 1998 963 2052 &
976 2000 1222 2071 superior
1236 2002 1281 2056 C
1282 2002 1382 2057 ioe-

98 2088 163 2124 ro
189 2071 276 2128 lib.
308 2071 433 2126 VII.
467 2069 612 2142 epist.
643 2090 717 2126 12.
737 2072 852 2128 salse
877 2073 1144 2130 Trebatio
1172 2075 1379 2130 scribit:

96 2144 244 2215 'Quid
261 2146 359 2216 fiet
383 2147 561 2217 populo
607 2147 912 2214 Ulubrano,
942 2151 994 2222 fi
1032 2161 1092 2206 tu
1125 2149 1382 2221 statueris

95 2221 334 2276 πολετεύεεθὲ,
360 2238 454 2274 non
483 2228 758 2291 oportere?
795 2222 1055 2293 „Quomodo
1081 2223 1381 2295 jamstaln't

104 2291 495 2349 Ulubranorum
519 2297 790 2366 prensam
817 2299 908 2352 illa
931 2303 1190 2354 enimvero
1204 2311 1379 2369 respu-

89 2361 232 2421 >blica
247 2402 266 2433 ,
307 2385 453 2440 quam
481 2373 607 2426 tuin
635 2371 925 2429 clientelam
941 2372 1204 2447 fifiepisli
1218 2374 1233 2423 ἓ
1270 2374 1375 2496 ilfo-

1294 2458 1375 2498 tea
