1641 2784
191 142 269 195 '35²1‘
377 132 501 173 cap,
523 130 572 171 x.
595 122 842 168 AEmmts
869 116 1263 170 cunni-onas

191 239 244 293 C.
270 233 330 289 de
354 222 622 299 compens,
676 221 837 280 Nova
875 235 1053 277 autem
1084 220 1298 279 actione
1323 244 1354 282 a
1393 238 1485 286 eu.¹

185 321 368 366 ratore
396 303 548 371 reip.
593 311 775 370 petet,
816 296 870 352 id
911 295 1055 368 quod
1100 295 1196 351 fibi
1235 296 1481 371 debetur,

184 377 307 438 dili.
338 377 370 432 l.
412 393 458 428 2.
501 378 554 436 §-
590 387 641 442 4.
697 388 818 426 nam
862 369 1057 425 sitonas
1102 368 1160 423 &
1204 389 1482 432 curatores

183 454 459 510 indemnes
506 443 606 503 esse
640 445 869 511 debere,
911 444 1154 517 Papirius
1194 444 1376 518 Justus
1416 467 1486 505 ex

181 523 565 583 constitutione
605 520 876 575 Divorum
906 521 1133 574 fratrum
1164 521 1385 588 retulit,
1428 524 1486 580 in

182 603 216 657 I.
257 603 351 657 ult.
408 604 461 661 §-
508 598 557 651 6.
599 595 668 650 D.
717 595 777 649 de
817 594 1011 650 admin.
1061 610 1175 648 rer.
1216 595 1292 649 ad
1329 601 1484 653 civit⁰

180 674 346 730 Nulla
376 672 547 745 igitur
574 684 818 723 remanet
843 665 1122 723 difficultas
1146 705 1164 733 ,
1205 685 1304 723 nec
1345 670 1485 726 hisce

181 748 398 804 ferculis
436 743 657 821 gustatis
699 741 937 814 sapiunt,
982 759 1100 812 quae
1140 741 1365 798 Robert.
1395 745 1488 800 lib,

182 840 234 894 3.
287 822 410 877 sent.
465 837 580 891 cap.
628 816 723 871 ult.
781 833 835 870 et
881 814 1176 887 Lycklama
1226 816 1314 870 lib.
1362 836 1483 874 111„

179 895 403 954 membr.
432 895 527 949 ecl.
559 910 637 961 13.
664 892 719 945 in
748 888 1322 945 mediumattulerunt.
1362 888 1493 946 ΑΕ,

181 971 274 1026 dili
310 970 513 1043 quippe
555 967 886 1022 frumentum
913 963 1103 1028 datur,
1148 963 1294 1034 quod
1323 963 1362 1017 si
1392 983 1483 1020 ne-

181 1045 337 1117 quius
365 1040 662 1116 praebuerit:
700 1038 758 1093 &
796 1038 920 1093 ideo
956 1037 1342 1092 condemnatus
1369 1036 1434 1092 sit
1462 1077 1482 1107 ‚

180 1118 306 1174 fisco
359 1118 444 1173 vel
489 1115 625 1187 reip.
681 1111 1173 1183 compensationem
1242 1112 1479 1178 objicere

179 1191 372 1265 potest.
458 1188 723 1243 Curatori
753 1191 982 1254 pecunia
1011 1185 1202 1248 datur,
1243 1203 1402 1257 quam
1441 1183 1480 1242 fi

179 1283 291 1321 non
337 1258 650 1325 consumsit,
707 1275 800 1313 aut
845 1261 902 1314 in
940 1258 1070 1312 alios
1113 1259 1263 1324 usuS,
1322 1278 1480 1331 quam

178 1340 490 1401 decretum,
545 1332 826 1406 erogavit,
884 1347 1136 1402 tanquam
1179 1334 1477 1404 reliquator

179 1411 367 1469 caussae
397 1408 740 1471 annonariae,
778 1408 862 1475 jus
894 1404 1336 1475 compensationis
1365 1425 1475 1464 non

178 1487 357 1543 habet.
431 1482 664 1538 Unicum
703 1477 970 1550 superest,
1011 1495 1073 1533 ut
1119 1480 1403 1535 lectionem
1440 1483 1474 1536 l.

183 1575 266 1631 127.
306 1554 642 1632 propositam
670 1554 977 1613 firmemus,
1018 1570 1240 1623 eamque
1279 1553 1344 1608 ab
1381 1572 1481 1609 un-

178 1637 252 1691 cis
285 1630 621 1705 quorundam
648 1627 919 1701 unguibus
945 1640 1323 1700 protegamus:
1356 1646 1477 1699 quae

177 1710 321 1764 enim
351 1704 578 1776 Dionys.
614 1701 992 1759 Gothofredus
1025 1700 1090 1754 ad
1119 1719 1235 1754 eam
1265 1704 1477 1755 notavit

177 1783 297 1839 sunt
325 1779 554 1836 confusa.
633 1772 922 1832 Accursius
957 1775 1219 1830 edilitatis
1246 1785 1477 1848 tempore

177 1857 433 1927 scriptum
463 1852 704 1916 invenit,
747 1848 806 1904 δε
826 1848 1136 1903 Edilitatem
1173 1848 1366 1903 famem
1396 1850 1475 1902 in·

177 1942 525 2003 terpretatur.
600 1919 846 1982 Alciatus
887 1921 944 1976 &
968 1922 1279 1977 Haloander
1315 1923 1474 1979 eduli=

184 2008 318 2060 tatis
358 2001 615 2077 legebant
643 2037 663 2067 ,
724 2015 905 2053 rerum
956 1995 1189 2051 edulium
1234 1997 1475 2070 largitio·

179 2094 303 2133 nem
349 2075 726 2147 intelligentes·
804 2071 1126 2127 Guilielmus
1192 2089 1326 2125 vero
1363 2070 1471 2123 Bu-

181 2151 324 2207 daeus
370 2150 676 2208 AEdilitatis
714 2150 897 2222 legere
927 2146 1143 2210 maluit,
1186 2143 1354 2198 cui&
1378 2160 1468 2197 ve-

181 2240 300 2281 tera
327 2222 681 2296 manuscripta
694 2222 753 2278 &
769 2220 1043 2293 exemplar
1068 2218 1432 2274 Florentinum
1449 2252 1467 2278 ‚

181 2299 242 2353 ὅτ.
284 2295 513 2353 Basilina„
552 2298 676 2353 libri
712 2293 1114 2370 suffragantur,
1165 2292 1221 2346 in
1272 2290 1463 2361 quibus

180 2372 271 2431 lib.
300 2388 463 2430 xxiv.
493 2369 577 2426 tit.
610 2389 690 2428 10.
719 2369 820 2427 est:
857 2381 1254 2442 anadyogoevofflv‚
1286 2363 1466 2493 utdpri-

1380 2455 1464 2493 em
