1641 2784
352 135 631 181 CREANT,
663 135 746 177 ET
772 134 852 175 Ex
884 135 1018 186 Quo
1048 135 1119 176 &e
1314 151 1389 192 ,39

99 238 402 303 donaticas,
468 234 685 304 aliosque
722 230 950 311 honores.
1024 229 1204 306 Magis
1248 253 1386 291 vero

97 312 365 388 persuasus
391 310 499 364 sum
517 345 534 372 ,
574 306 915 383 Decuriones
943 321 1142 360 nomen
1167 308 1334 364 tulisse
1355 329 1388 365 3

98 385 328 443 decuriis
340 422 359 450 ‚
412 385 467 437 in
497 397 624 450 quas
650 376 863 431 ordines
904 394 1219 449 magnarum
1259 384 1388 440 civi-

101 477 273 517 tatum
303 453 563 512 distributi
600 464 780 506 erant:
838 467 960 503 nam
999 452 1134 506 ficut
1171 475 1201 511 a
1243 459 1390 514 curia

103 535 355 591 dicuntur
379 527 600 584 curiales
642 524 701 578 δε
728 523 978 579 curiones
1003 561 1021 589 ,
1060 526 1136 580 ita
1164 548 1194 583 3
1228 531 1389 588 decu-

103 611 222 674 ria,
263 601 550 660 decuriales
591 599 649 653 δε
687 598 1027 654 decuriones·
1101 601 1247 660 Hinc
1285 607 1391 673 De.

101 679 396 755 cemprimi,
435 673 500 729 de
516 672 709 745 quibus
726 671 932 738 statim,
971 689 1034 726 ac
1060 673 1272 734 decuria
1291 696 1395 745 pro

103 758 249 810 curia
275 749 533 823 ponitur,
572 750 630 801 in
655 748 688 802 l.
732 749 849 817 176.
883 749 935 803 C.
982 746 1077 804 Th.
1118 749 1180 804 de
1218 752 1389 810 dec-ur.

103 830 160 884 ὅτ.
187 844 310 883 cum
337 821 634 894 municipio
662 821 1011 895 conjungitur
1039 822 1096 877 in
1120 823 1151 877 l.
1185 841 1230 894 3.
1267 834 1388 896 3324.

99 905 170 957 D.
199 902 259 956 de
283 899 394 954 bon.
421 895 541 970 poff.
567 898 601 952 l.
641 913 726 951 22.
755 897 826 950 D.
856 897 915 952 de
927 895 1068 968 fidej.
1096 890 1306 954 Adhaee
1335 901 1392 956 in

98 975 274 1047 lapide
318 973 549 1026 Vicetiae
590 987 810 1041 reperto
823 1009 842 1036 ,
895 969 1038 1043 apud
1076 971 1262 1044 Sigon.
1303 973 1395 1030 lib.

101 1050 192 1105 Ill.
222 1048 287 1102 de
317 1047 483 1118 antiq.
520 1049 638 1114 jure
663 1045 777 1098 Ital.
811 1063 926 1116 cap.
980 1064 1026 1109 3.
1065 1044 1147 1101 M.
1188 1046 1394 1102 Ennius

102 1135 526 1179 ARMENTARIVS.
565 1136 861 1176 DECVMAE.
906 1137 962 1186 Q
999 1135 1270 1176 DEcvmo.
1312 1139 1396 1179 vl-

104 1212 307 1252 CETIAE
335 1194 651 1266 appellatur.
734 1192 865 1247 Non
891 1210 976 1247 me
1011 1194 1178 1260 latet,
1232 1196 1399 1250 Vale-

103 1268 180 1325 fio
208 1269 346 1324 hanc
376 1267 766 1341 etymologiam
795 1265 1135 1339 displicuisse,
1174 1268 1241 1323 ad
1263 1264 1397 1324 Am-

102 1345 265 1399 miani
317 1341 405 1398 lib.
463 1344 547 1395 28.
591 1359 706 1413 cap.
749 1342 796 1397 6.
850 1356 904 1395 at
955 1340 1223 1396 sciendum
1290 1342 1399 1409 est,

106 1418 252 1490 quod
279 1414 495 1471 decuria
521 1414 622 1469 hae
647 1415 873 1470 notione
910 1431 1020 1468 non
1047 1413 1111 1468 sit
1134 1427 1282 1484 δεκάς,
1310 1417 1401 1473 sed

106 1503 292 1563 λεύκωμκ
307 1490 510 1558 ‚album
525 1528 542 1556 ,
557 1490 612 1544 in
629 1508 737 1560 quo
755 1490 997 1561 quaedam
1025 1498 1153 1555 τάξεις
1180 1489 1401 1546 diversae

105 1566 483 1622 Decurionum
520 1579 672 1616 erant
699 1563 1002 1617 constitutae
1021 1600 1038 1626 ,
1080 1562 1213 1618 licut
1249 1565 1303 1617 in
1329 1566 1401 1619 E-

108 1641 315 1713 quitum
334 1677 351 1703 ,
372 1637 626 1710 Judicum
640 1674 657 1701 ,
677 1636 981 1692 Scribarum
998 1675 1013 1700 ‚
1034 1637 1322 1691 Viatorum
1345 1639 1402 1694 δε

107 1718 423 1769 Praeconum
450 1710 676 1765 decuriis
708 1711 1049 1766 Casaubonus
1068 1709 1133 1765 ad
1152 1710 1402 1767 Suetonii

109 1789 196 1843 lib.
233 1801 442 1854 11.cap.
475 1801 559 1853 32.
588 1784 646 1838 δε
673 1782 948 1840 Reinefius
968 1783 1032 1838 ad
1066 1784 1110 1838 cl
1160 1784 1231 1840 X.
1264 1803 1317 1839 n.
1348 1803 1397 1852 3.

111 1862 473 1916 observarunt.
547 1850 949 1932 Argumentum
991 1857 1145 1925 hujus
1177 1858 1257 1912 rei
1286 1878 1399 1915 cer-

110 1935 362 1989 tissimum
393 1930 637 2004 praebent
666 1947 939 2004 quotquot
971 1951 1037 1986 ex
1063 1950 1259 2005 magno
1275 1951 1402 1989 nau-

109 2009 285 2081 fragio
314 2006 588 2077 supersunt
617 2007 734 2061 alba
780 2007 1093 2071 civitatum,
1149 2003 1267 2073 vel,
1318 2010 1402 2063 uti

109 2083 353 2155 Julianus
384 2081 436 2132 in
465 2079 659 2151 Misop.
695 2081 1014 2153 appellavit,
1053 2096 1253 2145 ,emmau
1286 2092 1405 2140 mu.

110 2173 250 2220 λψς
284 2154 515 2208 maxime
543 2173 676 2209 vero
707 2173 856 2210 tenea
888 2156 1065 2210 tabula
1103 2154 1402 2227 Canusina,

111 2241 271 2293 quam
301 2225 482 2282 Abbas
524 2229 869 2283 Damadenus
894 2230 1034 2285 libro
1059 2228 1314 2305 singulari
1341 2232 1402 2287 il·

109 2296 382 2366 lustravit,
424 2302 478 2356 in
512 2321 614 2376 qua
639 2303 922 2375 splendidae
952 2306 1179 2360 coloniae
1223 2306 1400 2362 Canu*

114 2369 234 2427 sinze
276 2390 515 2447 quatuor
554 2375 611 2433 &
648 2377 920 2453 sexaginta
961 2380 1303 2437 Decuriones
1348 2383 1400 2433 in

1230 2472 1403 2511 varias
