1641 2784
355 141 750 190 CREAN'RE'I·
776 139 852 181 Ex
874 140 1009 193 QVO
1033 140 1106 180 ὅτε.
1316 146 1392 192 η’]

91 243 135 300 si
160 243 254 318 qui
293 259 393 298 nec
434 241 559 298 dum
597 236 916 293 decuriones
961 236 1121 304 fatti,
1174 234 1399 294 aedilita-

95 336 206 375 tem
232 316 654 388 adipiscerentur
672 349 691 377 ,
733 328 800 367 eo
837 310 952 381 ipso
982 312 1039 365 in
1064 310 1269 371 curiam
1299 331 1400 369 ve-

91 392 345 457 niebant,
418 384 774 461 depositoque
814 384 1130 457 magistratu
1167 386 1396 442 vinculis

91 466 381 522 curialibus
411 460 746 517 tenebantur.
831 458 1115 530 Inscriptio
1139 461 1394 532 antiquis-

91 536 253 607 fima,
295 540 350 594 in
381 552 537 591 muro
564 528 906 608 Tergestinae
937 533 1175 587 civitatis
1201 534 1395 590 inven-

94 628 186 681 ta,
238 611 380 684 apud
430 608 655 664 Gruter.
700 625 825 680 pag.
865 611 991 676 408.
1051 608 1166 662 Uti.
1213 610 1397 665 Carni.

92 687 322 760 Cataliq.
360 683 650 739 adtributi.
676 699 731 738 a.
783 681 949 736 Divo·
996 680 1246 750 Augusto.
1286 685 1398 738 Pio.

91 764 224 833 reip.
264 756 463 829 nqstrae.
503 767 691 832 provt.
736 758 844 829 qvi.
887 752 1187 827 meruissent
1246 757 1398 812 talia.

89 833 286 907 absque.
326 847 493 888 censeo.
526 842 644 905 per.
698 829 985 887 aedilitatis.
1020 828 1278 901 gradum.
1329 833 1400 885 in.

88 910 307 963 curiam.
351 904 584 976 nostram
620 905 1047 966 admitterentur
1076 901 1197 971 &aa
1266 902 1403 957 Cen-

87 981 170 1035 sus
199 979 553 1035 decurionum
582 997 651 1033 ex
688 980 810 1055 lege
853 977 1168 1049 municipali
1213 975 1402 1032 defini-

91 1069 177 1109 tus
223 1070 368 1120 erat,
431 1053 497 1108 ad
547 1057 857 1126 exemplum
912 1052 1095 1107 census
1144 1050 1402 1106 senatorii

85 1126 307 1184 Romae:
349 1145 415 1182 ne
445 1128 589 1183 forte
619 1128 699 1183 rei
725 1126 999 1182 familiaris
1022 1126 1258 1182 tenuitas
1288 1144 1400 1180 am-

88 1201 316 1274 pliffimo
364 1200 544 1256 ordini
596 1201 862 1267 dedecus,
931 1215 1028 1256 aut
1085 1199 1399 1256 sordidioris

86 1276 320 1350 quaestus
353 1275 710 1348 cupiditatem
753 1275 1007 1331 adferret.
1086 1274 1287 1330 Cicero
1329 1274 1397 1329 ΙΙ.

91 1351 257 1407 Verr.'
303 1369 423 1422 cap.
469 1365 559 1420 49.
604 1350 661 1404 δε
692 1350 894 1405 Plinius
926 1349 1014 1406 lib.
1056 1349 1094 1403 I.
1131 1347 1277 1421 epist.
1316 1364 1405 1417 19.

89 1422 207 1496 Effe
241 1436 447 1490 autem,
512 1425 723 1496 inquit,
787 1424 893 1480 tibi
935 1433 1132 1480 centum
1172 1423 1400 1478 millium

83 1497 275 1573 cetfimz
294 1499 427 1568 satis
457 1497 689 1564 indicat,
731 1498 867 1572 quod
884 1497 1031 1571 apud
1057 1497 1183 1565 nos(
1199 1496 1398 1564 Comi)

85 1573 296 1629 decurio
321 1590 387 1629 es.
468 1573 626 1642 Isque
654 1573 711 1626 in
737 1566 1040 1626 AEdilibus
1075 1568 1401 1626 constituen-

85 1645 166 1701 dis
221 1665 347 1701 cum
392 1645 625 1702 maxime
679 1644 1098 1717 requirebatur,
1165 1659 1401 1715 propter

89 1719 356 1774 editiones
384 1719 669 1786 ludorum,
710 1718 973 1775 ditissimis
1006 1717 1167 1773 etiam
1185 1735 1398 1791 graves,

91 1793 284 1848 Carnis
313 1811 446 1848 vero
477 1793 786 1866 Catalisque
831 1792 938 1849 hoe
986 1793 1258 1866 privilegii
1304 1792 1400 1847 tri·

88 1866 308 1934 buitur,
346 1882 409 1922 ut
438 1869 580 1924 nulla
615 1868 821 1942 praevia
847 1867 1193 1923 fortunarum
1220 1866 1402 1938 inqui-

89 1941 285 1997 sitione
340 1941 772 1998 admitterentur.
852 1941 959 1998 Sed
1004 1940 1153 2014 quod
1199 1959 1395 1998 notan-

87 2014 250 2078 dum,
311 2016 490 2088 primo
539 2018 579 2078 ii
632 2017 847 2072 demum
912 2033 1039 2083 Qui
1101 2032 1400 2072 Mennis-

89 2105 276 2146 δΕΝΊ·
326 2086 583 2146 TALIA':
637 2091 690 2146 id
747 2090 887 2145 enim
939 2091 1132 2145 Paulus
1174 2107 1397 2163 quoque

88 2163 293 2221 indicat
317 2165 371 2219 in
401 2166 434 2220 l.
463 2181 495 2234 '.⁷
531 2167 599 2220 D.
617 2166 678 2221 de
694 2166 865 2223 decur.
886 2164 1158 2230 Honores,
1177 2165 1393 2237 inquit,

91 2237 169 2306 &³
209 2256 456 2301 munera,
510 2258 610 2296 uon
653 2239 996 2305 ordinationi,
1032 2237 1134 2315 fi’d
1167 2242 1396 2314 potiori·

94 2313 189 2371 bus
229 2315 499 2388 quibusque
541 2315 853 2387 injungenda
889 2312 1032 2389 sunt.
1112 2314 1256 2370 Dein
1308 2314 1397 2369 ad-

91 2386 344 2455 mittendi
376 2404 526 2448 PER.
554 2400 1037 2523 ΞοιιιὲΑΤιε.
1069 2402 1397 2446 GRADUM.

885 2480 918 2522 2
1269 2477 1396 2523 nam
