1641 2784
594 135 990 179 mmmmm:
1127 137 1175 159 ν
1354 138 1437 190 iu}

150 236 386 312 quitibus
454 233 711 289 Romanis
764 231 1052 303 susceptus:
1161 229 1438 301 Siquidem

153 309 445 370 Suetonius
485 308 541 361 in
585 302 811 359 Claudio
851 322 965 376 cap.
1013 323 1053 360 1.
1096 303 1201 361 ait:
1243 305 1440 376 Corpus

152 386 317 458 Drufi
340 393 438 455 per
464 381 850 449 municipiorum
877 379 1284 450 coloniarumque
1320 382 1440 450 pri-

150 475 346 521 mores,
381 451 769 528 suscipientibus
812 451 978 506 obviis
1015 451 1314 525 scribarum
1356 451 1437 505 de-

151 536 343 594 curiis,
381 528 454 582 ad
491 524 682 581 Vrbem
720 523 1011 582 devei‘ium:
1061 525 1157 580 ubi
1195 523 1443 578 Torren-

156 608 261 661 tius
290 614 442 657 notat
456 637 474 664 ,
515 597 703 654 scribas
721 597 965 653 ordinem
979 595 1262 654 obtinuisse
1279 614 1440 668 eque-

155 679 246 734 stri
286 673 624 748 proximum3
677 671 762 727 sed
823 671 963 744 ipsos
1009 672 1172 726 etiam
1216 670 1440 742 Equites

156 748 334 815 fuilse,
366 745 553 819 prodit
575 743 849 819 inscriptio
888 745 1032 819 apud
1058 744 1293 802 Fabrett„
1323 762 1439 816 cap„

155 825 254 880 VI.
282 842 333 879 n.
359 827 446 879 78.

677 896 752 951 D.
825 893 910 949 M.
1237 927 1239 931 -

410 969 471 1025 C.
512 968 689 1025 IVLI.
728 967 950 1025 IVSTI.
992 966 1112 1034 EQ.
1150 966 1202 1022 R

489 1039 820 1099 SCRIBAE.
859 1041 1126 1097 DECVR

544 1110 882 1170 AEDILIC.
921 1109 1069 1169 MAI

159 1191 473 1247 Publicanos
515 1207 736 1260 quoque
777 1207 844 1244 ex
885 1186 1118 1260 equestri
1158 1187 1347 1244 ordine
1380 1187 1447 1242 le-

160 1266 273 1320 ftos
292 1303 310 1330 ,
350 1264 543 1318 Cicero
568 1265 785 1333 planum
801 1263 962 1326 facit,
989 1279 1091 1331 pro
1108 1262 1323 1316 Plancio
1336 1279 1379 1316 c.
1396 1280 1448 1328 9.

161 1358 254 1395 eos
294 1355 490 1392 vocans
518 1338 707 1410 florem
764 1337 1012 1407 Equitum
1066 1334 1415 1390 Romanorum
1429 1342 1458 1399 ,’·

161 1422 517 1470 ornamentum
545 1411 816 1473 civitatis,
844 1407 1237 1479 firmamentum
1275 1411 1453 1479 reipu-

164 1486 322 1542 blicae.
365 1485 421 1538 &
461 1483 687 1538 Tacitus
729 1482 817 1536 lib.
874 1482 971 1535 IV.
1032 1477 1174 1535 Ann.
1228 1499 1342 1552 cap.
1399 1481 1456 1535 6.

161 1561 452 1616 Frumeutcz
483 1556 555 1624 ἐξ
591 1560 809 1628 pecuniae
832 1553 1139 1626 vestigalem,
1169 1564 1346 1610 cetera
1362 1565 1454 1626 pu-

165 1634 417 1687 blicorum
446 1629 713 1701 fruiluum
740 1667 757 1695 a
808 1628 1148 1702 societatibus
1203 1630 1453 1700 Equitum

164 1707 512 1761 Romanorum
535 1705 905 1775 agitabantur.
985 1699 1194 1757 Videfis
1213 1701 1292 1758 Cl.
1315 1700 1455 1763 Bur-2

163 1781 343 1834 manni
370 1777 561 1834 differt.
594 1778 659 1832 de
696 1778 889 1851 vestig.
923 1775 979 1831 P.
1015 1775 1080 1830 R.
1111 1793 1227 1846 cap.
1254 1791 1305 1846 9.

236 1860 288 1916 Β.
331 1854 427 1907 VI.
469 1851 820 1908 Evidentiora
849 1850 1122 1925 dignitatis
1163 1847 1452 1906 AEdilitiae

165 1925 387 2000 vestigia
427 1941 689 1998 apparent
733 1927 788 1979 in
824 1925 974 1991 sede,
1016 1923 1191 1989 veste,
1229 1924 1452 1980 comita-

169 2015 262 2065 m,
302 2000 512 2070 aliisque
555 1997 886 2072 insignibUS,
926 2016 1046 2070 quae
1085 1993 1451 2054 AEdilitatem

167 2074 464 2139 ornabant,
522 2092 860 2145 quorumque
907 2072 1186 2144 splendore
1227 2071 1453 2128 munici-

168 2167 300 2220 pum
342 2149 502 2203 animi
543 2148 608 2204 ad
656 2147 966 2220 obsequium
1003 2146 1452 2218 perducebantur.

171 2222 331 2289 Caius
362 2223 417 2276 in
444 2224 475 2276 l.
511 2237 591 2292 ις.
621 2231 675 2288 §-
707 2240 788 2293 39.
816 2226 885 2279 D.
910 2223 967 2279 de
994 2227 1153 2296 inJur.
1182 2221 1453 2295 magistra-

170 2295 313 2349 tibus
342 2297 746 2368 municipalibus
769 2315 1083 2354 ornamenta
1108 2297 1328 2364 tribuit,
1369 2295 1453 2350 his

171 2368 376 2435 verbis:
432 2372 580 2431 Unde
617 2376 809 2445 quaerit
842 2371 1050 2441 Labe0,
1080 2374 1136 2449 st
1183 2368 1456 2446 magistra-

1380 2455 1458 2504 tus
