1641 2784
317 151 701 196 AEDILITATE
743 149 1186 192 EXC'VSANTVR.
1322 160 1395 199 213

110 251 246 308 Illud
270 252 498 324 denique
533 246 676 303 haud
701 266 892 318 parum
920 247 1237 314 confirmat,
1279 243 1393 302 An-

114 327 289 382 tonini
304 326 576 399 epistolam
591 321 656 376 de
669 319 1391 390 immunitateProfefforum‚

110 401 339 455 maxime
377 395 777 466 municipalium
803 393 1052 465 scriptam
1080 393 1214 463 else,
1246 394 1393 468 quod

112 474 177 528 de
207 471 724 547 jurisconsultorum
751 485 979 522 numero
1009 468 1065 522 δε
1090 471 1395 525 immunita-

114 564 167 603 te
192 549 263 603 nil
296 548 577 618 quicquam
604 540 868 612 disponit,
911 559 1045 612 quos
1060 544 1178 598 sane
1206 544 1398 600 eodem

111 626 227 691 jure
255 623 396 676 inter
424 632 632 672 ceteros
667 616 775 670 frui
800 615 941 670 ratio
970 617 1232 672 suadebat.
1287 619 1398 674 Ve-

111 714 232 751 rum
257 692 383 748 nulli
412 708 510 761 per
537 689 737 745 scholas
765 690 1112 762 municipales
1143 708 1294 748 erant
1321 698 1399 762 ju-

112 771 184 824 ris
213 764 568 835 Profeffores3
608 763 694 819 sed
731 767 983 831 juvenes,
1051 765 1107 818 in
1156 770 1329 837 patria
1368 787 1398 820 a

114 839 489 898 Grammaticis
544 838 600 892 &
637 836 969 892 Rhetoribus
1029 838 1222 893 imbuti
1252 878 1270 905 ,
1333 843 1398 896 ad

110 917 291 988 legum
316 912 636 987 genitricem
679 913 735 965 ἃ
774 911 1105 966 domicilium
1135 914 1397 978 Romam,

109 991 318 1045 illarum
332 1038 338 1055 ,
354 984 784 1041 addiscendarum
808 987 982 1059 gratia
1016 988 1397 1043 mittebantur:

112 1063 253 1118 unde
283 1061 638 1133 provinciales
669 1059 966 1115 studiorum
1003 1060 1174 1116 caussa
1206 1062 1398 1116 Romae

112 1134 273 1211 egisse
304 1134 659 1198 dicuntur2in
685 1135 719 1188 l.
767 1140 848 1190 18.
887 1141 938 1197 §.
976 1136 1067 1189 ulf.
1097 1137 1177 1188 D.
1209 1136 1400 1207 dejud.

113 1215 147 1268 l.
185 1226 262 1278 17.
298 1212 376 1262 D.
407 1210 463 1263 de
490 1206 599 1261 reb.
626 1208 767 1262 cred.
794 1209 826 1262 l.
860 1210 943 1264 26.
968 1211 1046 1263 D.
1086 1210 1158 1264 ad
1195 1215 1396 1284 muicip.

112 1281 279 1354 Apud
326 1281 705 1337 Philostratum
748 1281 813 1335 de
856 1283 968 1336 vita
1006 1280 1265 1354 Apollon.
1306 1286 1396 1340 lib.

111 1359 240 1412 VH.
269 1377 381 1429 cap.
407 1374 493 1425 42.
525 1355 822 1410 adolescens
852 1358 1066 1428 quidam
1098 1358 1288 1412 Romae
1317 1358 1401 1413 de-

111 1449 277 1505 gem,
320 1446 420 1485 ait:
461 1434 640 1485 Arcas
668 1449 779 1485 cum
792 1432 928 1503 fim,
971 1433 1197 1502 Meffemz
1230 1445 1397 1498 ortus,

121 1509 320 1560 Graecis
348 1523 422 1559 me
442 1514 607 1576 pater
631 1522 724 1560 non
764 1502 987 1572 instituit
1023 1507 1282 1572 moribus,
1307 1507 1405 1580 sed

117 1579 212 1634 huc
248 1581 414 1651 mifit‚
456 1588 514 1632 ut
529 1579 663 1648 jura
691 1576 945 1650 dzfierem.
1019 1577 1253 1633 Rutilius
1281 1581 1400 1634 Nu-

115 1652 375 1708 matianus
404 1652 491 1704 lib.
526 1652 562 1702 1.
601 1651 720 1704 Itin.
749 1650 820 1702 vs.
864 1666 984 1720 207.
1025 1651 1091 1705 de
1130 1652 1398 1708 Palladio:

186 1725 452 1777 Facundus
462 1727 672 1793 juvenis
694 1724 959 1777 Gallorum
976 1735 1139 1797 nuper
1163 1727 1227 1779 ab
1250 1731 1400 1787 arvis

264 1797 450 1862 Affiffus
480 1797 689 1849 Romam·
728 1797 914 1867 discere
928 1801 1058 1869 jura
1075 1800 1202 1872 fori.

114 1871 186 1925 Et
228 1867 266 1923 sl
307 1871 448 1925 forte
504 1870 818 1940 quibusdam
859 1871 915 1925 in
963 1874 1268 1946 municipiis
1317 1880 1399 1944 jus

115 1947 411 1999 clanculum
455 1941 772 2009 doceretur,
841 1947 984 1999 nulla
1038 1963 1214 2002 tamen
1271 1951 1400 2015 urbs

113 2018 248 2083 fuit,
267 2019 352 2071 cui
379 2017 590 2088 publica
621 2017 943 2073 auetoritate
984 2019 1039 2073 id
1059 2021 1398 2092 permissum,

110 2109 312 2164 praeter
361 2091 616 2156 Romam,
667 2091 966 2163 Berytum‚
1009 2097 1060 2145 &
1100 2093 1402 2153 Constanti-

110 2166 335 2236 nopolin
351 2182 370 2227 ,·
409 2167 495 2219 cui
521 2163 864 2220 Theodosius
894 2166 950 2220 Sc
993 2167 1398 2227 Valentinianus

114 2240 329 2293 demum
356 2238 649 2303 dederunt,
691 2240 806 2293 inl.
841 2256 886 2308 3.
936 2240 990 2295 C.
1035 2242 1128 2298 Th.
1178 2244 1236 2300 de
1254 2245 1397 2315 stud.

114 2312 200 2367 lib.
244 2312 358 2369 urb.
397 2313 542 2366 Rom.
601 2312 674 2379 ἐξ
717 2312 878 2372 Consl.
936 2325 995 2374 ut
1035 2315 1400 2390 p7·0fimdior2·5

101 2384 332 2460 scientiae
369 2398 526 2459 atque
563 2384 810 2515 dostrgae
852 2387 1075 2446 haberet
1116 2391 1397 2461 auctor-ex,

707 2522 714 2531 „
807 2475 834 2532 3
1202 2485 1401 2539 unumg,
