1641 2784
250 117 1137 164 CHRISTIANISAEDILITATEM
1163 120 1236 162 &62
1338 135 1409 177 ²²3

115 214 353 276 desumta
399 217 506 284 est,
564 228 772 270 tantum
816 214 1123 285 supersunt:
1169 234 1411 290 <quorum

113 296 249 348 alter
276 293 340 348 de
381 291 596 355 tutem,
639 288 773 342 alter
801 287 865 340 de
884 289 1286 349 Decurionibus
1315 311 1407 349 co-

111 368 378 423 loniarum
408 370 461 418 &
496 359 915 430 municipiorum
933 379 1228 436 conceptus
1256 365 1410 425 fuisse

113 441 359 507 videtur,
397 439 430 494 l.
466 454 546 492 12.
569 436 642 490 D.
673 434 734 488 de
766 443 865 489 tut.
898 433 972 500 {39⁹
1010 454 1121 491 cur.
1150 440 1259 497 dat.
1291 443 1327 496 l.
1360 458 1405 497 1.

114 516 197 568 D.
246 516 307 570 de
345 513 460 569 albo
478 509 645 582 scrib.
709 502 801 561 Ad
843 523 1135 579 utrumque
1173 515 1413 584 pertine.

114 589 208 644 bat
240 586 427 642 Severi
460 584 517 637 &
556 577 828 637 Antonini
865 580 1179 640 constitutio
1221 589 1286 645 de
1313 589 1415 663 Ju-

116 662 271 718 daeis:
313 676 447 731 quos
471 674 649 728 neque
676 656 709 711 a
737 655 959 722 tutelis,
999 674 1178 728 neque
1218 662 1249 715 a
1292 665 1410 720 vin-

116 736 246 791 culis
292 730 577 787 curialibus
624 731 888 786 immunes
942 727 1045 786 effe
1096 733 1411 794 voluerunt.

114 807 310 881 Digito
340 807 484 860 illam
509 802 771 859 monstrat
791 802 1131 862 Modestinus
1158 806 1214 861 in
1238 808 1270 863 l.
1320 827 1341 863 1
1357 824 1405 879 ς.

114 890 168 947 §-
216 881 264 936 6.
318 879 376 935 de
412 877 659 952 Excusat.
699 877 794 933 ubi
830 876 932 933 hos
970 879 1222 951 Ulpiani,
1273 900 1413 954 prae-

115 954 351 1027 ceptoris
382 953 458 1007 sui
484 953 682 1018 libros³
724 951 849 1006 alibi
888 952 1133 1011 laudatos
1172 957 1233 1012 in
1280 956 1312 1012 l.
1356 959 1408 1014 6.

114 1035 165 1092 5.
203 1042 246 1097 ς.
278 1027 377 1084 eod.
406 1045 520 1099 prce
549 1026 716 1081 oculis
741 1025 944 1084 habuit.
1005 1028 1120 1098 Ipsa
1149 1033 1261 1098 ejus
1292 1049 1412 1086 ver-

113 1103 214 1168 ba,
264 1119 332 1156 ne
373 1102 490 1173 quis
545 1098 837 1164 desideret,
884 1119 954 1155 ex
991 1100 1238 1161 versione
1272 1100 1409 1164 Ant.

116 1169 436 1249 Augustini,
476 1173 712 1230 adscribo
739 1194 752 1229 ε
791 1173 925 1244 Jam
951 1193 1082 1232 vero
1107 1176 1413 1252 Judaeiquo·

117 1267 210 1322 que
237 1266 332 1304 non
357 1246 655 1318 Judaeorum
698 1258 898 1304 tutores
937 1261 1128 1316 erunt,
1170 1255 1412 1324 quemad-

117 1323 315 1378 modum
356 1332 535 1376 cetera
583 1339 797 1376 munera
846 1321 1074 1390 subeunt.
1165 1327 1412 1402 Namque

118 1413 196 1453 eos
222 1394 576 1470 constitutione
587 1395 781 1468 solutos
807 1395 899 1467 effi·
930 1398 1116 1452 volunt
1136 1397 1264 1471 solis
1303 1400 1409 1458 illis

116 1471 301 1536 rebus,
334 1480 437 1542 per
459 1485 586 1542 quas
597 1467 902 1542 superstitio
929 1488 1106 1528 eorum
1127 1473 1290 1545 pollui
1328 1479 1412 1532 vi-

117 1546 290 1601 detur.
366 1544 503 1598 Haec
537 1541 660 1596 libri
686 1543 853 1596 nostri
881 1544 974 1597 III.
1000 1545 1279 1617 praecipua
1304 1566 1411 1604 ma-

120 1620 256 1672 teria
271 1619 374 1672 fuit
390 1654 408 1681 ,
420 1616 487 1670 ad
500 1614 691 1670 statum
702 1614 1022 1689 Judaeorum
1034 1618 1091 1671 in
1107 1619 1405 1690 provinciis

119 1688 546 1764 cognoscendum
560 1727 578 1755 ,
594 1687 918 1760 compofita:
935 1705 990 1745 at
1002 1690 1270 1750 libroVII.
1290 1697 1412 1763 ejus-

120 1764 241 1818 dem
286 1763 464 1834 operis
513 1763 766 1835 rescripta
802 1764 1115 1838 Principum
1163 1766 1413 1827 adversus-

122 1836 452 1891 Christianos
494 1838 747 1911 collegit;
786 1839 870 1893 uti
907 1837 1180 1896 Lattantii
1208 1860 1325 1898 eam
1353 1844 1411 1902 in

118 1929 233 1965 rem
246 1913 395 1967 locus
410 1908 484 1966 est
497 1913 746 1986 vulgatus
762 1912 795 1968 l.
818 1927 862 1982 5.
894 1914 1024 1969 Div.
1052 1914 1166 1969 inst.
1186 1934 1301 1988 cap.
1329 1930 1416 1974 11.'

118 1983 209 2039 hic
235 2002 412 2039 tamen
437 1985 653 2041 minime
684 1988 1027 2044 omittendus.
1070 1989 1410 2059 Quinetiam,

118 2058 295 2129 inquit
311 2098 326 2124 2
339 2058 716 2132 sceleratiffimi
729 2060 987 2118 homicidae
999 2075 1189 2119 contra
1198 2069 1308 2137 pios
1321 2070 1410 2123 im·

117 2136 208 2204 pia
211 2135 344 2204 jura
360 2134 707 2189 condiderunt.
752 2136 899 2191 Nam
927 2141 1000 2205 &²
1029 2137 1410 2207 constitutiones

119 2208 393 2279 sacrilegae
425 2206 496 2274 &⁴
527 2208 1029 2275 Jurisconsiiltorum
1044 2213 1408 2286 disputationes

123 2280 358 2352 leguntur
385 2282 591 2352 injustae.
677 2286 967 2350 Domitius,
997 2288 1059 2341 de
1096 2285 1250 2356 officio
1278 2290 1416 2344 Pro·

121 2355 330 2430 consulis
370 2356 506 2417 libro
550 2356 761 2435 liptimo
778 2399 806 2431 ,ψ
822 2362 1081 2435 rest-rapta
1107 2363 1413 2508 Principusm

1288 2453 1347 2490 tte
1372 2449 1411 2491 a
