1641 2784
186 99 242 140 80
361 94 559 138 cAP.111.
578 95 651 135 DE
674 88 934 132 EDILIUM
960 90 1326 139 NECESSITATE

190 191 291 260 sit,
331 195 421 251 cui
447 189 658 248 AEdiles
686 184 855 247 nostri
870 187 1220 262 suntignoti.'
1271 189 1490 266 Atquia

191 266 336 324 nuda
378 267 435 320 &
479 262 703 334 iimplex
741 264 921 318 oratio
964 264 1162 319 nullam
1207 282 1308 335 per
1345 270 1395 323 se
1428 268 1490 323 fi-

193 341 316 397 dem
357 336 522 392 habet
553 374 572 403 ,
626 332 723 390 nisi
760 332 1051 413 obsignatis
1097 338 1244 410 quali
1296 340 1488 396 tabulis

193 430 421 488 agatur,
461 409 587 468 ideo
615 407 724 467 hoc
751 412 928 482 capite
960 411 1114 468 testes
1147 412 1494 485 supernume-

194 488 367 549 rarios
394 483 652 542 adducam
676 503 699 555 32
732 485 788 540 in
814 485 1035 558 reIIquis
1067 505 1192 559 apes
1216 488 1496 555 imitabor,

196 581 317 635 quae
364 559 620 633 quicquid
660 558 970 635 congessere
1013 559 1299 633 disponunt
1328 601 1345 629 ,
1397 581 1497 636 per

103 684 105 686 .
195 638 350 694 favos
375 634 661 713 digerunt,
704 650 904 706 atque,
946 647 1008 691 ut
1039 636 1302 710 Virgilius
1319 638 1497 693 canit:

417 742 815 757 -----
830 760 833 761 γ
887 709 1136 782 liquentia
1161 712 1313 766 mella

267 786 486 857 Stipant
501 823 520 852 ,
552 782 626 852 599
641 783 780 839 dulci
790 782 1080 853 distendunt
1093 784 1308 842 neHare
1317 787 1495 840 cellas.

198 858 444 916 Primum
475 876 609 914 vero
650 875 750 930 per
777 856 989 912 Italiam
1027 857 1292 927 proficisci
1328 857 1500 924 lubet,

199 934 387 992 mundi
401 948 680 1007 parentem
705 932 960 996 alteram,
1000 930 1391 1004 clariffimisque
1406 950 1500 987 co·

198 1009 358 1065 Ioniis
403 1014 455 1063 &
498 1006 803 1077 municipiis
839 1006 1095 1060 refertam
1129 1044 1146 1071 ,
1198 1007 1286 1060 cui
1333 1006 1498 1060 etiam

201 1083 382 1140 dulces
410 1083 512 1139 hos
543 1081 698 1137 ludos
729 1079 787 1134 &
829 1079 1035 1154 ingenii
1075 1078 1355 1134 blanditias
1393 1097 1506 1133 ma-

200 1159 400 1216 ximam
443 1172 654 1229 partem
702 1153 974 1210 debemus.
1049 1153 1159 1208 Hic
1199 1154 1370 1209 omnis
1411 1170 1502 1208 ur-

200 1234 315 1298 bis,
353 1232 411 1287 in
437 1230 585 1287 omni
613 1228 875 1303 regione,
914 1226 1124 1284 AEdiles
1153 1227 1208 1283 in
1233 1227 1500 1300 lapidibus

201 1321 531 1374 cernuntur3
583 1322 720 1375 quos
764 1303 929 1360 sciens
971 1304 1335 1374 praetermitto
1366 1340 1385 1367 ,
1434 1318 1504 1355 ne

202 1378 312 1438 sine
352 1381 587 1435 utilitate
622 1375 889 1431 fastidium
924 1376 1117 1432 lectori
1164 1395 1373 1432 creem:
1415 1390 1504 1430 tot

201 1457 346 1511 enim
387 1470 547 1527 poene
587 1450 707 1506 sunt
747 1448 1047 1506 testimonia
1061 1488 1081 1516 ,
1123 1467 1260 1520 quot
1298 1449 1502 1521 lapides

200 1528 267 1585 ad
292 1527 532 1583 colonias
577 1525 636 1580 δε
678 1524 970 1596 municipia
1005 1525 1371 1596 pertinentes:
1422 1523 1501 1577 bi-

200 1621 300 1658 nos
339 1617 518 1656 tamen
549 1597 834 1664 ternosve,
876 1598 1070 1670 eosque
1107 1598 1177 1653 ob
1211 1596 1499 1668 antiquita-

202 1692 313 1732 tem
342 1673 675 1730 brevisfimos
704 1671 1008 1728 adscribam.
1091 1672 1154 1726 In
1181 1672 1493 1741 Campaniae

201 1749 408 1822 oppido
427 1748 666 1804 Puteolis
682 1745 991 1818 inscriptio,
1011 1764 1039 1800 e
1057 1745 1324 1818 Scipionis
1344 1743 1500 1798 Maz-

201 1826 353 1880 zellae
413 1819 687 1894 Antiquit.
740 1821 951 1876 Puteol.
1007 1835 1137 1874 tom.
1193 1820 1292 1873 IX.
1337 1816 1500 1873 Thes.

205 1899 320 1952 Ital.
363 1915 502 1971 part.
535 1914 587 1966 4.
617 1913 740 1968 pag.
790 1893 838 1947 8.
880 1891 1119 1950 exhibita
1158 1892 1302 1965 apud
1353 1892 1500 1947 Gru-

205 1990 383 2026 terum
409 1991 477 2043 pa
523 2014 527 2019 ,
576 1987 693 2040 195.
724 1987 869 2023 num.
894 1982 943 2038 9.
976 1966 1093 2024 haec
1121 1967 1220 2023 est:
1263 1963 1494 2021 AEDIL.

206 2045 424 2100 COLO
491 2093 501 2101 .
558 2039 1247 2099 PVTEOLANORVM.
1339 2039 1501 2093 Etru-

202 2121 297 2175 scae
327 2118 471 2173 urbis
502 2118 558 2172 ἅτ,
590 2117 820 2174 coloniae
859 2116 1099 2172 AEdilem
1143 2117 1217 2183 Q
1255 2113 1500 2185 Largen-

203 2193 353 2247 nium
385 2192 648 2247 Severum
674 2191 898 2263 praefert
913 2208 1151 2245 marmor
1179 2184 1496 2257 elegantiffi-

201 2285 349 2321 mum
381 2304 398 2331 ‚
452 2284 482 2319 a
544 2266 768 2320 Valerio
816 2263 1195 2320 Chimenteliio
1245 2258 1501 2333 singulari

204 2338 593 2396 commentario
627 2337 977 2406 illustratum³
1017 2338 1099 2393 his
1128 2334 1304 2394 verbis
1322 2408 1375 2464 D
1375 2329 1500 2461 [1ὶᾶ-
