1641 2784
316 117 704 160 AEDILITATE
732 119 1178 160 EX-CVSANTVRss
1321 131 1391 170 193

91 215 379 281 conducti,
419 215 514 288 qui
543 212 812 283 disciplina
830 230 885 268 et
907 215 1227 270 audioritate
1243 212 1388 270 seho-

91 295 166 346 ias
208 289 511 345 tuebantur.
587 286 779 354 quue
832 290 1103 357 pertinet,
1145 289 1290 359 quod
1321 289 1385 343 de

93 363 429 420 mercedibus
476 360 667 414 Paulus
716 374 771 413 et
810 360 1054 432 Julianus
1109 362 1385 428 scribunt,

94 457 224 509 quas
255 455 356 508 pro
384 434 633 489 facultate
662 432 978 503 patrimonii
1007 451 1062 487 et
1087 454 1190 505 pro
1215 436 1389 508 digni-

94 528 205 565 tate
240 509 524 571 natalium,
555 505 748 578 pupilli
776 521 928 561 tutor
957 511 1386 581 praeceptoribus

97 583 418 638 constituere
447 578 620 633 debet.
703 578 864 635 Piane
900 580 959 633 L.
989 579 1291 651 Appuleius
1322 584 1387 637 ab

94 656 269 712 Elicio
299 652 525 708 Calvino
554 651 933 727 quadringenis
964 656 1148 708 annuis
1189 657 1389 711 cz-mdu·

91 731 243 798 ctus3
305 724 530 781 totidem
559 727 833 782 Remmius
851 728 1120 782 Palaemou
1148 747 1214 782 ex
1240 731 1389 785 selio-

90 805 142 858 la
166 800 389 872 accepit.
464 801 693 856 Verrius
725 800 940 857 Flaccus
969 820 1194 857 centena
1216 802 1388 857 sester-

92 878 165 930 tia
209 874 266 928 in
316 892 515 928 annum
557 874 757 930 meruit
784 916 802 942 ,
857 877 913 929 &
949 873 1170 931 Marcus
1213 874 1391 931 Anto-

88 951 208 1003 nius
235 947 463 1020 Gnipho
494 966 767 1020 nunquam
803 947 867 1004 de
891 950 1136 1005 mercede
1160 949 1347 1021 patflus
1367 989 1387 1017 ,

90 1040 265 1094 eoque
303 1026 458 1094 plura
483 1041 551 1076 ex
578 1023 897 1078 liberalitate
925 1022 997 1078 est
1041 1025 1387 1079 consecutus:

87 1095 152 1151 de
185 1095 377 1166 quibus
409 1095 658 1151 Suetonii
697 1096 931 1152 libellum
968 1097 1054 1152 adi
1092 1097 1156 1153 de
1203 1097 1387 1152 illustr.

94 1171 336 1225 Gramm.
374 1162 532 1224 Adde
564 1166 777 1225 Clavisli
801 1171 983 1226 Sabini
996 1171 1174 1227 servos
1194 1170 1393 1226 Gram-

90 1244 349 1309 matico8,
407 1261 641 1314 quorum
683 1247 817 1300 alter
855 1246 1191 1312 Homerum,
1256 1248 1393 1300 alter

88 1316 388 1373 Hesiodum
416 1319 622 1383 tenuit,
661 1319 748 1373 sed
772 1317 966 1393 singuli
995 1322 1233 1376 centenis
1283 1318 1392 1373 mil-

89 1392 226 1447 libus
271 1391 433 1458 emti,
490 1392 632 1463 apud
678 1392 936 1449 Senecam
982 1393 1128 1466 epist.
1176 1406 1260 1458 27.
1292 1394 1392 1448 *De

94 1464 324 1520 Lutatio
357 1464 581 1536 Daphni
621 1466 779 1521 Plinii
807 1466 973 1522 verba
1004 1467 1292 1522 adscribam
1325 1485 1394 1521 ex

91 1539 182 1594 lib.
209 1539 330 1593 VH.
360 1539 494 1593 Hist.
526 1557 645 1610 cap.
681 1555 766 1609 39.
804 1540 1049 1596 Pretium
1077 1541 1294 1596 hominis*
1336 1542 1392 1593 in

78 1612 312 1686 servitio
334 1614 509 1683 geniti
537 1615 815 1668 maximum
841 1615 918 1669 acl
944 1615 1072 1669 hanc
1088 1614 1217 1668 diem
1236 1611 1396 1684 (quod

94 1687 320 1758 equidem
349 1689 725 1758 compererim)
743 1686 863 1756 fuit
897 1689 1273 1742 Grammaticae
1303 1703 1395 1740 ar-

97 1763 167 1814 tis
214 1759 464 1830 Daphni,
530 1762 725 1815 Gnatia
767 1760 1070 1833 Pistmrense
1112 1760 1393 1824 vendente,

97 1830 172 1898 ἐξ
204 1833 286 1888 Μ.
312 1836 515 1888 Scauro
538 1837 779 1907 principe
804 1837 1038 1890 civitati·
1076 1835 1148 1890 H.
1182 1837 1235 1887 S.
1265 1834 1390 1888 Dec.

98 1906 291 1962 licente.
367 1907 504 1962 Haec
540 1912 595 1961 in
627 1905 850 1962 transitu
881 1927 946 1963 eo
996 1908 1265 1963 lubentius
1306 1905 1395 1961 ad-

97 1979 232 2048 jeci,
273 1996 334 2034 ut
354 1999 570 2053 pareat,
612 1998 771 2051 quam
798 2001 926 2037 vere
952 1982 1213 2053 scripserit
1244 1978 1394 2050 Ulpi-

99 2070 264 2119 anUS,
323 2054 503 2110 servos
547 2055 827 2126 disciplinis
869 2055 927 2110 δε
965 2073 1081 2111 arte
1121 2053 1394 2109 institutos

99 2123 233 2192 esse,
251 2128 307 2183 in
333 2129 365 2184 l.
396 2144 475 2197 27.
506 2136 559 2192 32
586 2148 633 2182 2.
662 2130 733 2182 D.
759 2129 817 2185 de
843 2130 1004 2204 usufr.
1378 2197 1389 2208 ὁ

172 2205 232 2266 5.
273 2203 394 2257 VM.
438 2201 712 2258 Postremo
755 2205 986 2275 denique
1022 2205 1146 2259 loco
1187 2199 1394 2256 Medici

103 2272 166 2329 ab
202 2276 454 2331 oneribus
484 2276 782 2332 AEdilitatis
813 2279 1134 2347 liberantur3
1178 2273 1301 2347 quia
1317 2293 1398 2328 ar-

107 2362 214 2403 tem
241 2368 496 2408 exercent
522 2349 829 2406 hominibus
853 2353 1082 2408 maxime
1099 2350 1400 2428 salutarem,

370 2429 373 2432 ’
714 2425 772 2480 Ν
1250 2425 1403 2491 pelu-
