1641 2784
500 135 1004 180 CIVITATUM.
1297 151 1367 190 315

82 234 142 290 ec
167 234 511 307 privatorum
540 231 896 287 aedificiorum
937 251 1116 287 curam
1151 231 1369 306 assigna-

79 310 183 364 rit:
220 310 295 363 illi
329 309 469 364 enim
510 308 566 362 in
606 305 739 359 fanis
765 305 906 359 sacra
956 308 1232 363 civitatum
1279 326 1370 362 cu-

75 383 300 449 rabant,
339 381 548 437 AEdiles
575 396 709 434 vero
734 378 860 449 ipsaj
888 379 1041 446 fana,
1072 377 1180 436 sive
1210 381 1366 436 aedes

80 459 280 521 sacras,
320 471 381 510 ut
409 474 475 510 ex
512 453 594 507 his
631 451 943 507 testimoniis
975 455 1167 526 cuique
1198 472 1371 527 patet,

84 531 276 601 quibus
340 529 575 602 adjungo
636 543 874 580 marmor
935 528 1076 598 apud
1129 529 1373 585 Gudium

78 622 202 678 pag.
245 618 329 672 70.
367 601 521 656 Inscr.
552 618 602 654 n.
642 617 688 655 1.
722 600 779 653 in
808 618 917 677 quo
950 602 1013 655 de
1053 604 1108 654 P.
1152 603 1368 660 Lucilio

82 677 266 732 AEdile
328 675 573 730 coloniae
637 666 928 729 AEDEM.
994 677 1048 729 V
1055 673 1372 732 OLCANI.

84 745 250 806 SVA.
292 743 647 804 PECVNIA.
675 746 1110 804 RESTITVIT.
1155 751 1369 807 IDEM.

81 822 374 879 AEDEM.
426 822 754 877 CERERIS.
801 817 965 875 SVA.
1008 820 1364 881 PECVNIA.

83 895 525 952 RESTITVIT.
596 894 1124 951 IDEMaAEDEM.
1194 899 1365 955 SPEI.

84 965 249 1026 SVA.
278 970 529 1025 PECUN
536 964 626 1025 [A.
665 968 1111 1025 RESTITVIT.

156 1051 209 1108 §-
252 1044 349 1099 IV.
386 1039 476 1098 Ad
529 1043 738 1107 balneas
788 1044 957 1116 igitur
1011 1045 1401 1119 progredior„

88 1136 312 1189 quarum
335 1135 463 1171 cura
491 1119 646 1171 terris
682 1116 860 1171 calidis
887 1120 1130 1189 apprime
1159 1120 1262 1174 fuit
1282 1139 1368 1175 ne-

85 1188 330 1255 celsarm,
370 1208 531 1257 atque
558 1192 614 1245 in
641 1191 946 1246 civitatibus
966 1192 1370 1265 quibuscunque

84 1264 343 1320 AEdlllciis
372 1265 566 1319 merito
595 1263 783 1320 officiis
813 1283 1190 1320 annumerata.-
1226 1267 1369 1324 Nam

87 1339 211 1409 quia
235 1339 330 1396 lini
375 1338 430 1392 &
471 1340 760 1411 caligarum
797 1338 915 1392 usus
957 1340 1097 1409 apud
1138 1343 1367 1398 Veteres

89 1428 205 1466 erat
228 1413 433 1478 rarior,
474 1413 629 1467 nudis
663 1413 823 1468 etiam
861 1412 1086 1483 pedibus
1134 1433 1194 1469 ac
1226 1415 1367 1472 tibiis

85 1486 326 1557 plerique
365 1485 713 1553 incedebant,
781 1487 1000 1540 omnino
1053 1489 1370 1547 valetudinis

88 1559 475 1615 conservandae
529 1578 698 1636 ergo,
774 1559 996 1614 lavacris
1042 1579 1178 1631 opus
1219 1582 1366 1632 erat,

14 1644 16 1646 ’
89 1640 143 1685 in
175 1634 364 1703 quibus
405 1632 589 1705 plebs,
628 1634 895 1705 popuIUS,
937 1634 994 1686 δε
1028 1636 1130 1688 viri
1172 1637 1368 1706 princi·

90 1723 183 1776 pes
235 1707 744 1778 corpuslaboribus
783 1706 987 1762 rusticis
1024 1707 1210 1763 fess‘um
1247 1712 1370 1767 refi-

91 1794 310 1844 cerent,
347 1798 409 1834 ac
429 1779 549 1852 post
584 1779 997 1837 exercitationes
1031 1782 1274 1838 sudorem
1314 1786 1373 1841 δε

89 1852 267 1906 sordes
334 1852 612 1908 abluerent
669 1873 736 1909 ex
778 1856 1001 1925 pulvere
1052 1857 1371 1914 contractas.

87 1925 234 1980 Hinc
258 1924 375 1980 usus
405 1945 587 1982 earum
621 1928 739 1982 imis
765 1929 919 1996 juxta
949 1947 1010 1983 ac
1035 1930 1273 1997 summiS,
1293 1933 1372 1988 vi·-

87 2000 159 2052 ris
188 1998 246 2052 &
288 2000 496 2054 feminis
535 2000 638 2055 fuit
672 2001 1150 2075 frequentiffimu83
1222 2024 1376 2077 prae-

89 2072 269 2128 sertim
297 2091 418 2127 cum
446 2075 502 2128 in
530 2075 873 2147 voluptatum
899 2077 1170 2134 illecebras
1196 2078 1253 2135 δε
1292 2082 1372 2137 vi-

91 2147 294 2201 tiorum
349 2147 691 2204 delinimenta
762 2147 1178 2223 degenerassent.
1255 2154 1370 2212 Ne-

92 2237 196 2291 que
224 2236 356 2274 vero
384 2221 590 2277 Romae
635 2237 845 2279 tantum
889 2243 1142 2282 numerus
1182 2246 1372 2285 eorum

89 2293 145 2349 in
172 2292 434 2349 infinitam
462 2296 857 2353 multitudinem
891 2301 1163 2369 excrevit,
1200 2303 1287 2359 sed
1318 2303 1376 2358 δε

92 2367 148 2421 in
161 2368 308 2422 omni
332 2369 570 2442 oppido,
589 2371 647 2425 ὅτ,
675 2372 995 2445 quandoque
1011 2375 1131 2431 vico
1147 2415 1165 2442 ‚
1204 2377 1373 2448 publi-

89 2457 154 2497 ca
165 2440 382 2512 balnea,
418 2446 657 2520 gratuita
685 2447 770 2504 vel
791 2449 1119 2506 mercenaria
1134 2451 1372 2509 aedifica-

1320 2541 1376 2580 ta
