1641 2784
226 143 303 184 ’,ὅθ
440 131 569 172 εΑΡ.
600 132 650 168 v.
674 130 758 170 DE
783 129 1330 181 H15.QU1AED1LES

226 236 339 291 tius
381 232 438 288 in
484 227 714 282 Roman.
760 222 1021 285 Antioch.
1062 231 1256 286 cecinit
1289 234 1358 292 vs.
1403 251 1521 308 123.

373 343 391 352 -
463 340 487 351 -
560 334 581 346 -
653 302 819 375 abfit‚
857 315 918 359 ut
947 322 1024 359 me
1052 306 1268 361 nobilem

308 382 532 451 Sanguis
539 387 821 451 parentum
831 379 1045 452 praestet
1060 418 1077 445 ,
1116 393 1217 435 aut
1229 384 1316 437 lex
1335 383 1520 439 Curiae.

224 455 363 514 Illud
389 452 715 509 verissimum
757 450 863 518 est,
906 470 1013 508 tam
1041 455 1205 526 longe
1245 455 1309 509 ab
1337 455 1522 512 infami

221 534 503 589 servorum
530 526 841 583 conditione
874 545 998 582 euin
1026 526 1176 582 fuill'e
1202 528 1483 584 discretum
1502 569 1520 595 ,

223 616 289 664 ut
317 623 416 660 nec
442 603 600 659 liberi
623 600 868 656 homines
901 604 1127 676 relegati
1160 604 1216 657 in
1245 620 1422 663 totum
1466 603 1524 657 &1

223 675 462 745 revers1‚
501 695 601 732 nec
635 677 975 742 navicularii,
1027 694 1129 732 nec
1177 679 1269 749 qui
1313 696 1523 751 praeco-

224 756 377 812 nium
406 753 677 817 facerent,
719 765 812 806 aut
842 750 1157 806 tabulariam
1197 752 1525 808 administra-

223 846 381 897 rent,
423 826 488 884 ad
523 825 935 882 decurionatum
977 824 1238 897 adrepere
1279 825 1521 898 pollent3

224 902 407 961 liberti
441 901 602 959 etiam
631 902 750 975 lege
787 901 841 953 V
844 899 1003 955 isellia
1045 917 1389 966 arcerentur,
1428 898 1527 955 nili

225 984 344 1051 jure
386 977 709 1033 annulorum
763 991 1054 1028 aureorum
1102 993 1131 1028 a
1175 975 1422 1045 principe
1451 975 1527 1028 su-

224 1054 621 1116 stentarentur,
667 1050 862 1104 Cicero
877 1048 967 1103 lib.
985 1049 1045 1104 V
1036 1050 1078 1103 I.
1082 1045 1222 1117 fam.
1240 1057 1315 1120 ep.
1342 1063 1404 1117 19
1422 1049 1453 1103 l.
1477 1066 1523 1117 3.

227 1131 262 1186 l.
291 1145 343 1200 9.
375 1128 454 1179 D.
482 1127 541 1180 de
569 1126 738 1181 (Iecur.
773 1125 805 1178 l.
839 1124 934 1179 ult.
979 1122 1035 1175 C.
1080 1124 1141 1178 de
1167 1119 1348 1196 servis
1392 1126 1527 1194 reip.

229 1204 264 1259 l.
291 1219 342 1273 9.
375 1203 426 1256 C.
453 1200 512 1254 de
540 1200 700 1269 Dign
726 1199 787 1253 .l.
816 1215 900 1253 un.
931 1197 985 1252 C.
1015 1197 1092 1252 ad
1113 1198 1146 1253 l.
1185 1197 1356 1269 Visell.
1415 1191 1530 1251 Alii

228 1277 376 1332 forte
410 1275 591 1345 plures
630 1271 839 1344 legibus
883 1269 1291 1341 municipalibus
1331 1271 1395 1324 de
1439 1270 1529 1324 de-

230 1348 547 1408 curionibus
570 1344 812 1402 creandis
827 1382 844 1410 ,
866 1343 1321 1400 excludebantur:
1344 1345 1529 1400 scribit

229 1425 376 1483 enim
404 1421 621 1478 Tullius
660 1420 726 1474 ΙΙ.
765 1421 930 1474 Verr.
973 1437 1088 1490 cap.
1128 1436 1201 1490 49
1276 1419 1331 1473 C.
1375 1419 1531 1474 Clau-

235 1501 384 1565 dius,
425 1496 682 1554 adhibitis
705 1492 930 1549 omnibus
954 1493 1274 1559 Marcellis,
1303 1496 1392 1564 qui
1420 1505 1530 1547 tum

234 1584 423 1638 erant,
476 1572 534 1628 de
577 1585 750 1625 eorum
776 1567 1045 1642 sementia
1090 1569 1221 1640 leges
1268 1567 1530 1639 Halefinis

234 1649 401 1704 dedit.-
438 1644 703 1718 inquibus
729 1643 897 1698 multa
926 1640 1108 1711 sanxit
1146 1641 1204 1697 de
1241 1652 1400 1696 (etate
1444 1640 1532 1697 ho-

235 1726 458 1787 minum,
501 1738 562 1776 ne
587 1722 676 1792 qui
710 1719 880 1772 minor
921 1718 1161 1785 triginta
1187 1718 1340 1771 annis
1366 1724 1531 1780 nata,

234 1798 294 1856 de
320 1795 535 1871 quaestu,
575 1810 720 1866 quem
763 1794 852 1865 qui
875 1786 1083 1861 fecisset
1118 1807 1179 1845 ne
1221 1791 1532 1860 legeretur,

235 1873 296 1929 de
348 1871 527 1937 censu,
576 1868 634 1923 de
697 1868 888 1924 ceteris
941 1863 1111 1920 rebus.
1188 1863 1317 1919 Huc
1370 1863 1533 1917 etiam

231 1949 494 2019 Pompeia
519 1944 606 1999 lex
636 1942 907 2015 pertinet,
946 1937 1067 2012 post
1091 1938 1289 1995 bellum
1317 1936 1533 1994 Mithri-

230 2022 471 2077 daticum
496 2017 753 2091 Bithynis
795 2015 950 2081 data,
992 2031 1113 2087 quae
1163 2013 1413 2077 vetabat,
1467 2028 1536 2066 ne

238 2097 356 2169 quis
386 2095 567 2151 minor
594 2092 818 2167 triginta
846 2107 1113 2148 annorum
1138 2089 1195 2144 in
1214 2088 1361 2144 curia
1386 2082 1534 2152 esset,

236 2189 290 2227 v.
324 2171 455 2227 Plin.
486 2170 558 2225 lib
612 2169 686 2226 X.
719 2165 867 2240 epist.
905 2163 989 2235 83.
1033 2164 1164 2219 item
1201 2162 1348 2227 aliae,
1405 2177 1535 2231 qua-

234 2262 358 2302 rum
384 2245 541 2315 supra
568 2242 774 2298 mentio
800 2239 972 2304 fafia5
1017 2238 1113 2294 ubi
1149 2237 1215 2292 de
1252 2236 1374 2309 lege
1418 2251 1536 2290 mu-

233 2319 456 2391 nicipali
484 2318 770 2394 agebamus
789 2353 807 2383 ‚
825 2334 941 2388 cap.
978 2331 1022 2369 1.
1049 2320 1100 2377 §-
1117 2328 1167 2382 4.

307 2399 366 2458 S·
404 2392 506 2467 ΒΗ2
544 2392 633 2467 Ne
662 2392 781 2464 quis
805 2407 938 2449 vero
960 2401 1155 2461 putet,
1193 2380 1416 2445 audacia
1429 2382 1536 2514 sei-l}

1422 2476 1495 2515 vu
