1641 2784
292 112 1217 177 rmonii-rivus'Excvs'lvitsx‘rviz,v
1354 131 1424 177 m

346 260 369 270 -
441 259 464 272 -
538 224 658 280 licet
678 239 914 278 exercere
940 235 1126 300 togatae

205 299 434 356 Munera
465 299 661 353 militiae
678 335 699 358 ,
736 296 860 351 licet
908 298 963 355 t&
977 332 996 362 ,
1017 297 1129 367 stne
1155 296 1422 372 sanguinis

353 373 560 445 haustu,

206 451 377 507 Mitia
402 447 618 520 legitimo
639 441 918 516 subjudice
948 441 1082 494 bella
1104 461 1307 497 movere

136 523 342 598 Magna
366 537 541 577 antem
581 517 805 573 suerunt
840 513 1254 572 Advocatorum
1290 536 1424 591 prae.

135 601 241 653 mia
293 597 361 651 δι’
385 595 650 648 honores:
687 589 912 647 remissae
956 589 1019 644 iis
1061 591 1420 661 provinciales

135 671 434 726 functiones
457 667 489 721 l.
524 682 570 736 3.
601 667 652 720 C.
683 664 728 721 d.
758 666 1000 723 advocat.
1032 662 1089 717 &
1115 670 1426 741 peregrina-

138 745 296 799 tionis
326 758 461 796 onus
491 741 526 795 l.
573 740 653 809 56.
683 742 737 796 C.
767 740 828 795 de
854 739 1026 795 decur.
1069 737 1249 793 iisdem
1291 759 1426 812 quo-

135 834 238 889 que
279 815 566 888 dignitates
610 813 668 868 &
710 812 949 869 honores
1000 811 1228 884 expletis
1277 816 1428 870 annis

134 890 585 945 conferebantur:
632 888 775 943 unde
820 886 1232 943 Valentinianus
1274 886 1423 943 Nov.

136 981 220 1034 34.
262 961 674 1018 advocationem
711 962 944 1091 aplpellat
963 959 1312 1037 seminarium
1349 961 1427 1018 di-

124 1040 414 1109 gnitatum:
457 1035 708 1092 Sidonius
734 1036 772 1091 li
812 1035 892 1091 .Ι.
934 1034 1080 1107 epist.
1122 1035 1191 1089 ΙΙ.
1239 1033 1428 1091 Advo-

134 1126 382 1166 catorum
405 1109 644 1165 honores
687 1123 816 1165 tunc
842 1109 1114 1181 incipere,
1156 1109 1264 1176 ait,
1304 1127 1428 1166 cum

133 1184 397 1239 finiuntur
413 1184 677 1254 actionem
705 1184 761 1238 &
788 1184 1065 1239 Ennodius
1092 1182 1180 1237 lib.
1207 1203 1258 1238 v.
1273 1201 1353 1256 ep.
1378 1202 1426 1237 2.

136 1259 289 1314 Nota
318 1260 670 1330 proximitate
716 1256 986 1329 sociantur
1030 1257 1313 1329 Causidicus
1351 1256 1427 1325 &⁹

138 1334 397 1387 Senator:
436 1332 513 1388 his
537 1335 628 1406 qui
655 1332 778 1387 bene
805 1343 927 1402 toga
965 1333 1039 1403 ufi
1060 1328 1308 1401 fuerint,
1349 1349 1429 1387 re-

120 1405 324 1475 seratis
341 1407 636 1480 lusceptura
663 1405 842 1463 finibus
863 1406 1111 1479 palmata
1140 1406 1428 1462 blanditur.

138 1476 266 1545 Ait,
298 1484 388 1551 qui
430 1481 565 1535 bene
608 1498 736 1553 toga
770 1476 849 1533 usi
877 1478 1109 1535 fuerint:
1149 1496 1259 1533 non
1286 1480 1430 1535 enim

138 1554 384 1608 omnibus
400 1553 746 1626 Magistratus
776 1553 967 1617 delati,
1003 1551 1086 1605 led
1108 1552 1187 1605 his
1211 1553 1430 1608 demum

139 1626 264 1696 qui,
306 1627 452 1697 quod
495 1625 924 1698 profitebantur,
960 1624 1176 1679 fuerant
1216 1625 1430 1692 justitiae

138 1699 468 1768 sacerdotes;
508 1718 618 1754 non
663 1698 895 1764 rabuliS,
946 1697 1308 1753 sanctissimam
1348 1703 1429 1768 ju-

140 1773 212 1826 ris
236 1790 405 1826 artem
433 1775 666 1846 turpiter
692 1771 1134 1845 profanantibus3
1173 1791 1273 1827 nec
1290 1772 1427 1842 illis,

140 1846 233 1920 qui
274 1865 484 1902 omnem
524 1850 801 1902 literarum
843 1847 922 1901 ele
965 1854 1161 1901 antiam
1215 1843 1434 1918 perosi,

139 1919 349 1986 rustici,
400 1921 695 1987 invenusti,
750 1920 900 1975 hirco
928 1937 1004 1985 1,
1035 1937 1181 1976 certe
1218 1920 1430 2004 indigni

138 1995 250 2048 ullo
280 1994 498 2065 publico
539 1995 766 2060 favore,
820 1994 1040 2049 furcillis
1081 2013 1110 2050 e
1152 1996 1428 2067 republica

138 2082 294 2122 erant
318 2069 592 2138 ejiciendi;
639 2069 787 2142 quod
812 2067 1028 2122 miseros
1068 2069 1287 2124 clientes
1330 2087 1426 2142 pe-

135 2142 297 2197 cunia
341 2158 671 2217 emungunt,
723 2143 779 2198 &
816 2142 890 2196 nil
936 2142 1264 2218 proficiunt,
1328 2138 1430 2198 nifi

137 2215 315 2282 srauS,
376 2220 747 2284 mendacium,
807 2217 1111 2284 temeritas,
1164 2217 1430 2274 vocifera-

140 2291 220 2346 tio
237 2329 257 2358 ,
299 2291 629 2347 conflictatio
660 2292 867 2364 aliaque
910 2292 1191 2347 innumera
1217 2310 1311 2347 eos
1342 2310 1429 2347 co·-

138 2365 431 2435 mitentur,
467 2383 530 2426 ut
561 2368 744 2428 leribit
769 2364 1041 2427 Lucianus
1059 2367 1116 2425 in
1137 2365 1423 2495 Piscaffilrg.

1398 2455 1430 2497 e
