1641 2784
304 147 751 198 COLONIARUM
775 146 857 191 ET
885 143 1174 190 MUNlcn‘.
1334 144 1384 197 '59

99 257 387 317 decuriones
410 293 427 322 ‚
470 251 742 324 municipes
765 288 785 316 ,
824 248 1074 312 buleutae,
1113 263 1347 306 πολιτευτωὶ
1372 263 1409 320 ,1

100 334 186 388 vel
217 338 542 399 πολιτευόμενος
594 340 893 394 eorumque
931 321 1130 376 sancita
1172 321 1392 380 decreta.

104 409 160 461 <Sc
183 404 528 480 psephismata
563 397 702 452 hules
737 395 1069 451 dicebantur.
1110 394 1392 471 Pleraeque

104 498 237 534 vero
265 477 526 533 civitates,
544 468 625 524 his
650 467 1087 542 inscriptionibus
1119 487 1230 524 non
1247 471 1392 527 satia·

107 572 209 618 ωε,
250 548 516 624 principes
544 545 803 616 principis
835 542 982 598 urbis
1014 544 1201 598 titulos
1228 546 1397 618 adop-

109 639 318 688 tarunt,
357 621 414 674 δε
455 618 518 674 ab
557 618 671 673 aliis
698 622 952 683 Senatus,
995 618 1308 677 Senatorum
1335 619 1395 675 <Sc

107 693 664 767 Senatusconsultorum
724 691 1033 750 nominibus
1107 693 1395 749 honoratae

105 775 238 828 sunt.
292 773 540 825 Senatum
568 765 904 822 Rhemorum
932 765 1081 821 dixit
1112 767 1287 821 Caesar
1302 767 1394 825 lib.

107 847 174 902 11.
213 845 278 898 de
318 844 471 898 Bello
505 841 645 897 Gall.
681 859 796 912 cap.
841 854 888 909 ς.
927 839 1309 896 Halesinorum
1339 842 1398 897 ἅτ

108 917 602 991 Agrigentinorum
631 914 827 970 Cicero
859 914 927 968 ΙΙ.
958 915 1120 969 Verr.
1157 933 1273 987 cap.
1305 932 1396 986 49.

110 994 447 1048 coloniarum
485 988 675 1043 Livius
721 988 808 1044 lib.
837 988 1133 1043 XXVII.
1164 1007 1279 1061 cap.
1317 1006 1399 1047 11.

113 1066 464 1136 Carthaginis
471 1062 520 1134 s
505 1060 827 1136 plendffmae
854 1065 1078 1118 Senatus
1092 1061 1165 1118 est
1189 1063 1245 1118 in
1258 1064 1294 1119 l.
1314 1078 1402 1133 27.

114 1143 166 1195 C.
222 1139 319 1195 Th.
366 1139 428 1193 de
460 1138 631 1193 decur.
697 1131 882 1208 Atque
905 1174 926 1203 ,
965 1151 1030 1191 ut
1056 1132 1359 1192 Ausonium
1382 1178 1403 1205 ‚

119 1212 527 1278 Cassiodorum,
565 1209 931 1278 Maiorianum
972 1211 1205 1284 aliosque
1230 1212 1406 1266 mino-

120 1306 243 1343 rum
279 1288 525 1360 gentium
564 1283 853 1355 scriptores
883 1302 1208 1356 praeteream
1236 1324 1255 1352 ,
1295 1285 1406 1358 ipse

114 1361 384 1427 Traianus
418 1358 483 1414 ad
512 1358 741 1413 Plinium
771 1359 949 1413 scribit
972 1397 991 1425 ,
1033 1363 1283 1418 Senatum
1321 1379 1407 1415 cu-

108 1434 280 1508 jusque
327 1436 569 1489 civitatis
604 1431 694 1485 lib.
726 1432 799 1487 X.
841 1431 988 1505 epist.
1022 1440 1107 1503 84.
1160 1437 1410 1490 Senatum

114 1510 448 1582 populumque
483 1505 862 1580 Syracusanum
902 1506 1037 1561 dixit
1075 1508 1272 1563 Cicero
1309 1508 1408 1562 IV.

129 1584 283 1636 Verr.
311 1600 424 1653 cap.
456 1582 540 1636 62.
583 1579 862 1635 SENATVS·
901 1597 1295 1646 POPVLVSQVE.
1326 1598 1411 1635 r1¹1-

121 1673 297 1711 ssvu'r.
350 1654 551 1729 iegitur
591 1652 649 1707 in
686 1670 957 1708 marmore
995 1652 1140 1725 apud
1184 1653 1410 1722 Gruter.

126 1747 247 1800 pag.
283 1744 403 1798 254.
444 1746 588 1783 num.
622 1746 667 1778 2.
707 1743 974 1786 SENATVS,
1024 1743 1412 1794 POPVLVSQVE.

128 1817 512 1856 'rumam-:Nffls
550 1800 694 1872 apud
721 1801 926 1857 Reines.
958 1801 1015 1854 in
1042 1800 1221 1855 tabula
1243 1818 1413 1867 aenea,

125 1872 278 1928 clalse
326 1874 600 1943 VII..17.
679 1890 945 1931 SENATVS.
1010 1889 1415 1940 Povastvn.

128 1964 468 2003 LAVRENS.
510 1948 652 2020 apud
687 1947 924 2003 Fabrett.
967 1965 1083 2020 cap.
1126 1948 1198 2003 X.
1229 1965 1282 2002 n.
1328 1950 1421 2018 67.

130 2022 182 2076 S.
226 2021 282 2074 P.
325 2022 397 2088 Q
434 2036 682 2076 caumas
721 2021 864 2093 apud
896 2020 1164 2092 Sponium
1208 2020 1420 2078 miscell.

127 2112 252 2168 pag.
302 2096 417 2164 163.
472 2110 737 2151 SENATVS.
779 2111 1170 2161 Povavsovu.
1214 2112 1418 2155 vmon.

121 2166 277 2240 -apud
319 2168 608 2224 Gelenium
656 2167 753 2225 lib.
792 2169 909 2224 III.
962 2168 1244 2243 Syntagm.
1301 2171 1423 2241 136.

129 2241 378 2297 Eundem
427 2244 482 2297 in
520 2241 742 2299 modum
778 2255 977 2301 centum
1015 2243 1259 2302 tredecim
1288 2246 1428 2302 Tre-

132 2333 384 2374 verorum
445 2320 726 2374 Senatores
770 2315 934 2374 habes
987 2317 1131 2390 apud
1166 2320 1426 2375 Tacitum

134 2390 224 2452 lib.
252 2393 326 2449 V.
367 2390 573 2450 Histor.
617 2409 736 2465 cap.
782 2409 863 2464 19.
906 2391 944 2451 S
972 2391 1019 2449 E
1049 2390 1106 2448 N
1132 2390 1266 2452 AT
1296 2391 1428 2523 gc}
