1641 2784
515 150 942 194 bubonum
1324 152 1401 205 ss*

113 242 399 321 appellata.
473 242 639 305 Tales
666 242 828 299 hodie
865 246 922 299 in
960 246 1141 303 multis
1172 245 1402 314 Gallia&

113 323 443 391 aliarumque
473 316 758 390 regionum
800 318 951 390 pagis
980 318 1038 373 &
1062 320 1284 376 urbibus
1323 321 1410 383 vif,

113 393 331 459 suntur,
368 408 488 446 cum
521 389 782 443 memoria
814 391 1052 446 tutelaris
1091 394 1226 450 Divi
1267 394 1404 449 cele-

113 468 332 532 bratur,
389 480 546 534 quam
594 461 731 516 hisce
766 461 982 534 ineptiis
1018 465 1402 532 contaminari,

115 540 229 615 JaC.
259 535 557 594 Gutherius
582 534 794 601 scribit,
832 536 921 592 lib.
963 539 1029 592 II.
1059 540 1122 595 de
1151 556 1256 596 vet.
1284 543 1404 610 jure

116 612 315 668 Pontis.
357 629 400 664 c.
450 626 529 679 14.
612 609 718 666 Sed
759 609 1043 681 praestabat
1076 613 1266 680 fateri,
1306 629 1407 686 pu-

116 686 275 740 rioris
328 683 605 756 religionis
642 683 876 740 cultores
917 685 1065 741 omni
1099 684 1226 742 huic
1275 703 1408 760 gen-

118 760 290 814 tilium
329 774 541 828 pompae
575 757 771 814 reffius
809 757 1129 815 valedixisse.
1211 759 1414 830 AEdilb

118 834 194 887 tia
240 849 441 903 pompa
482 832 678 887 dicitur
718 833 775 887 in
807 833 1154 906 inscriptione
1202 833 1407 891 Tarra-

119 904 342 963 conense
372 904 516 977 apud
544 905 769 963 Gruter.
806 923 859 978 9.
887 925 1011 980 pag.
1040 912 1161 962 622.

561 987 632 1036 M.
671 988 797 1037 LAE
815 989 970 1038 LIO.

524 1062 994 1111 sABlNlANo.

248 1134 1283 1187 DECVRIALI.AED1L1CIAE.

591 1208 946 1258 POMPAE.

192 1282 245 1340 §-
285 1275 383 1329 IV.
426 1273 530 1327 Par
575 1291 709 1345 ergo
756 1275 1008 1328 ludorum
1052 1277 1108 1329 in
1156 1272 1418 1340 coloniis,‘

121 1368 241 1421 quae
273 1349 330 1402 in
358 1347 544 1411 Vrbe,
585 1346 688 1400 fuit
702 1346 872 1403 ratio:
913 1346 998 1402 sed
1014 1348 1106 1404 vix
1130 1349 1231 1403 alia
1252 1347 1416 1403 etiam

120 1419 303 1477 afferri
343 1418 520 1493 potest
563 1420 743 1487 causa,
800 1438 963 1492 quare
1004 1421 1213 1477 AEdiles
1258 1420 1417 1475 ludos

120 1497 196 1551 ibi
226 1514 339 1567 prae
371 1493 564 1549 ceteris
589 1493 859 1561 curarint,
901 1512 1059 1566 quam
1082 1494 1230 1567 quod
1244 1493 1419 1548 sacro-

122 1588 279 1634 rum,
317 1569 496 1622 saltem
523 1584 625 1637 pro
658 1583 812 1639 parte
840 1569 1044 1638 aliqua,
1086 1568 1252 1623 essent
1267 1583 1422 1622 cura·

124 1660 288 1697 tores.
369 1641 500 1695 Non
516 1640 621 1697 huc
650 1641 855 1697 traham
872 1639 1110 1697 Festum:
1153 1643 1415 1716 Optatam

23 1731 29 1736 ·
124 1715 331 1784 hostiam
371 1717 470 1770 aliz·
509 1719 725 1788 opimam
768 1716 1034 1788 appellant
1075 1734 1223 1782 eam,
1262 1729 1419 1787 quam

125 1790 328 1844 AEdllis
344 1788 513 1844 tribus
533 1788 815 1860 constitutis
841 1787 1013 1859 hostiis
1039 1800 1220 1863 optat,
1260 1804 1418 1861 quam

124 1864 393 1918 immolari
433 1864 599 1926 velim
649 1862 824 1918 forsan
869 1864 1010 1918 enim
1063 1862 1306 1918 nonnulli
1348 1860 1416 1916 de

127 1936 337 1990 aedituis
369 1937 693 2008 templorum
721 1954 843 1991 eum
873 1937 1167 2009 accipient:
1211 1951 1266 1992 at
1304 1935 1415 1990 Ve-

125 2011 322 2064 ratium
341 2010 688 2065 Severianum
706 2049 723 2076 ‚
743 2011 1089 2066 Sacerdotem
1134 2009 1416 2066 Caeninen-

125 2084 250 2148 sem,
278 2082 427 2138 fimul
455 2082 792 2140 AEdilicatem
811 2083 1011 2158 gessisse
1035 2124 1053 2151 ,
1092 2084 1330 2142 discimus
1347 2100 1416 2137 ex

127 2175 394 2212 marmore
422 2157 651 2214 Gruteri
675 2160 724 2215 6.
750 2178 871 2232 pag.
903 2165 1026 2230 484.
1059 2159 1117 2214 &
1143 2161 1272 2216 alius
1299 2151 1417 2215 SA-

129 2230 449 2288 CERDOS.
515 2227 959 2288 TVSCVLAN.
1023 2229 1075 2289 A
1090 2234 1203 2290 ED
1219 2235 1243 2290 1
1258 2233 1307 2288 L
1324 2233 1347 2286 1
1364 2227 1419 2283 S.

129 2300 457 2362 BRleAE.
511 2304 570 2363 in
617 2305 962 2380 inscriptione
987 2344 1008 2378 ‚
1059 2306 1202 2382 apud
1249 2307 1417 2388 Otila·

1270 2391 1417 2438 vium
