1641 2784
334 128 1149 172 G-ENERA-P-ROPONIT
1314 140 1394 181 299

108 231 182 285 lia
202 266 219 294 ,
260 229 314 284 in
341 228 517 299 quibus
546 224 621 292 &³
639 226 726 295 jus
753 225 1058 292 dicebatur,
1100 222 1175 292 &³
1217 221 1397 280 nundi-

111 321 187 358 me
235 303 528 373 agebantur
552 336 572 364 ,
635 297 710 365 &³
753 309 879 353 erat
924 300 1156 371 quaedam
1213 312 1397 355 earum

113 376 393 447 respublica
409 413 428 441 ,
482 382 638 444 neque
679 381 854 427 tamen
895 371 1236 442 magistratus
1279 369 1400 446 suos

116 449 409 505 habebant:
447 449 500 502 in
545 461 673 517 quas
713 445 909 515 legibus
945 444 1186 517 prafelli
1227 448 1401 502 mitte-

118 524 317 577 bantur
357 520 624 592 quotannis
649 555 667 583 ,
717 521 806 590 qui
834 519 922 587 jus
962 517 1225 584 dicerent,
1274 533 1404 591 qua-

117 614 234 650 rum
259 610 460 665 genera
482 590 707 660 fuerunt
742 591 862 646 duo:
900 592 1130 646 alterum
1173 594 1226 646 in
1273 603 1402 664 quas

117 666 364 737 PrajeHi
378 703 397 732 ,
434 669 522 737 qui
549 663 758 722 (maore
780 667 982 734 viginti
989 664 1088 736 sex
1115 668 1292 720 virum
1316 680 1406 720 nu·

118 757 255 796 mero
271 752 373 814 pro
400 740 575 811 populi
593 737 846 811 suffragio
878 740 1049 794 creati
1078 748 1237 793 erant
1274 736 1400 806 (vol

115 812 157 868 fi
182 813 346 867 mavis
381 830 502 865 cum
535 811 756 879 Cujacio
783 811 871 865 fib.
904 824 992 865 x1.
1028 808 1252 865 Observ.
1289 827 1410 882 cap.

122 904 207 956 24.
247 883 495 955 Praeftc‘tz·
518 895 745 957 quatuor
770 902 834 940 ex
859 883 1080 940 XXVI.
1107 887 1279 949 viris,
1316 884 1410 955 qui

119 961 296 1033 populi
307 958 572 1032 suffragio
599 961 802 1024 creati,
820 958 1015 1026 ibant)
1055 960 1106 1012 in
1132 957 1238 1013 baec
1266 958 1410 1028 oppi-

122 1035 190 1088 da
207 1053 224 1086 :
282 1035 541 1104 Capuam,
591 1033 774 1086 Cumas
790 1069 807 1097 ,
847 1031 1152 1105 Castlinum,
1195 1031 1256 1087 V
1243 1031 1412 1085 ultur-

122 1124 270 1170 num,
309 1107 584 1162 Liternum
599 1142 618 1169 ,
658 1105 928 1170 Puteolos,
959 1107 1234 1168 Acerras,
1277 1099 1415 1171 Sues-

112 1180 307 1251 ]nlam,
359 1179 634 1243 Atellam,
686 1179 970 1233 Calatiam.
1053 1179 1306 1234 Alterum
1358 1178 1416 1230 in

125 1269 248 1324 quas
290 1251 472 1317 ibant,
513 1267 631 1323 quos
651 1251 876 1306 ‹Praetor
912 1250 1161 1307 Urbanus
1199 1259 1419 1322 quotan-

127 1330 205 1380 nis
232 1329 284 1380 in
311 1341 513 1397 quaeque
546 1326 660 1379 loca
692 1324 908 1394 miserat
932 1325 1152 1396 legibus:
1191 1323 1415 1387 Fundos,

131 1399 394 1463 Formias,
436 1398 611 1462 Care,
654 1393 974 1467 Venafrum,
1024 1392 1254 1466 Allifas,
1292 1396 1419 1450 Pri-

129 1490 345 1526 vermnn
364 1509 381 1536 ,
420 1473 728 1542 Anagniam
747 1511 766 1532 ,
821 1471 1112 1545 Frustonem
1128 1507 1148 1535 ,
1201 1469 1372 1523 Reate
1397 1504 1418 1533 ‚

130 1548 466 1610 Saturniam,
521 1545 806 1618 Nurstam,
859 1547 1164 1616 Arpinum,
1214 1543 1425 1613 aliaque

134 1620 455 1690 quamplura.
530 1615 612 1672 At
658 1635 792 1671 vero
834 1618 958 1688 quia
1004 1615 1089 1670 hae
1132 1616 1376 1669 civitates
1399 1650 1422 1680 ,

136 1691 281 1743 omni
316 1690 532 1761 publico
564 1690 794 1746 concilio
836 1693 1076 1755 orbatae,
1128 1688 1425 1743 incolumes

135 1761 236 1816 esse
266 1781 374 1817 non
413 1779 704 1833 poterant,
754 1763 877 1819 ideo
907 1778 1237 1818 conventum
1268 1758 1427 1815 habe-

136 1837 264 1889 bant
315 1838 477 1891 curia:
519 1836 769 1903 ssmilem,
810 1839 866 1892 in
905 1855 1014 1909 quo
1064 1833 1306 1907 praefeffi
1344 1837 1428 1902 ius

136 1908 414 1978 dicebant3
456 1909 903 1982 quemadmodum
938 1925 1094 1965 extra
1129 1908 1335 1964 Italiam
1372 1907 1430 1962 in

134 1982 348 2037 urbium
391 1985 801 2055 provincialium
841 1984 1104 2055 capitibus
1157 1983 1429 2037 Praetores

139 2071 467 2111 conventum
516 2054 625 2112 slve
676 2059 857 2113 forum
911 2056 1154 2130 agebant.
1234 2054 1433 2109 Cicero

139 2147 243 2201 pro
269 2129 455 2184 Sextio
503 2149 615 2202 cap.
646 2148 697 2201 4.
737 2129 860 2201 Qua
903 2131 963 2185 de
1003 2129 1172 2201 cauffa
1212 2126 1287 2196 &⁹
1325 2139 1434 2183 tum

142 2214 411 2258 conventus
452 2204 535 2259 ille
579 2206 762 2277 Capuae
785 2243 803 2270 ,
843 2208 929 2277 qui
960 2214 1186 2278 propter
1204 2203 1433 2277 salutem

145 2277 285 2331 illius
312 2277 458 2332 urbis
494 2279 757 2346 conficiatu
784 2277 1137 2352 conservatam
1174 2294 1279 2332 meo
1302 2314 1321 2342 ,
1356 2291 1434 2330 me

144 2366 296 2408 unum
331 2361 613 2425 patronum
647 2352 924 2425 adoptavit
945 2391 966 2421 ,
1012 2354 1134 2412 nuic
1167 2351 1315 2425 apud
1350 2365 1428 2477 7325
