1641 2784
406 98 1083 146 ETMumcn’xtss
1312 109 1364 158 ξς

90 204 169 260 bis
198 216 313 259 erat
345 239 362 267 ,
417 199 599 255 datum
640 194 834 252 suiss'e?
873 196 1015 253 aliud
1050 197 1260 272 quippe
1286 199 1364 257 est

92 294 301 350 partem
331 274 476 330 urbis
525 270 793 327 coloniam
833 269 935 324 else
962 309 980 336 ,
1022 272 1163 328 aliud
1191 287 1364 334 totam

95 372 208 408 eam
235 356 315 418 jus
352 348 409 402 ὅτ,
443 359 863 418 cognomentum
903 348 1130 401 coloniae
1159 349 1367 420 accipe-

94 444 183 495 τες
225 425 280 479 id
308 420 452 494 quod
480 420 640 474 etiam
668 416 858 488 Lipsio
892 415 951 470 δε
976 418 1223 476 Ferretto
1251 422 1369 478 sub·

96 500 233 554 oluit
271 535 290 564 ,
351 510 581 566 quorum
630 490 913 544 sententias
977 495 1366 569 conjungimUS.

116 571 321 645 luvabit
347 581 524 621 autem
554 562 1013 637 addidisscJoann.
1045 567 1366 639 Vignolium

97 636 324 714 inscript.
351 641 436 694 sel.
479 658 601 713 pag.
640 654 755 708 192.
797 638 891 708 qui
925 656 993 693 ex
1020 638 1280 711 lapidibus
1306 646 1369 700 li-

99 717 278 773 teratis
303 712 561 769 monstrat
584 751 602 778 ,
640 712 896 767 Puteolos
929 731 960 767 a
984 712 1219 769 Neronis
1250 735 1372 773 aevo

97 791 322 845 maxime
359 787 604 843 coloniam
643 785 747 841 dici
772 824 790 851 ,
829 803 951 841 cum
981 801 1138 843 antea
1167 791 1366 847 civitas

94 878 431 919 vocarentur.
500 860 583 914 Ex
608 858 689 913 his
714 859 845 914 item
870 856 1020 915 simul
1048 859 1249 933 duplex
1277 882 1373 935 ap-

92 953 247 1009 paret
269 933 549 990 Clariffimi
565 933 780 988 Cellarii
802 935 974 1006 lapsus
991 973 1009 999 ,
1052 934 1261 1009 Geogr.
1279 955 1372 991 an-

95 1012 187 1081 tiq.
222 1009 309 1063 hb.
347 1009 411 1062 ΙΙ.
448 1026 562 1079 cap.
598 1024 648 1078 9.
704 1022 817 1061 tum
859 1008 1007 1080 quod
1031 1007 1286 1065 Puteolos
1316 1012 1374 1068 in

97 1083 319 1156 pristino
353 1081 687 1136 coloniarum
711 1084 826 1148 jure
856 1083 923 1138 ad
960 1082 1198 1138 Neronis
1239 1100 1375 1139 tem·

97 1176 235 1228 pora
259 1152 449 1210 stetiss'e
475 1153 819 1222 existimavit,
838 1172 950 1210 tum
963 1157 1111 1229 quod
1138 1156 1193 1211 in
1208 1157 1378 1214 Fron-

97 1231 195 1285 tini
230 1230 532 1304 fragmento
559 1266 578 1294 ‚
620 1247 742 1283 cum
773 1225 988 1286 Alciato
1014 1268 1033 1297 ‚
1075 1232 1224 1287 Nero
1260 1237 1378 1288 Au·

88 1303 258 1377 gustus
283 1302 566 1376 legendum
601 1303 815 1358 censuit.
891 1304 1026 1359 Illud
1054 1322 1188 1361 vero
1222 1305 1378 1362 Cice-

100 1378 246 1432 ronis
272 1416 290 1442 ,
344 1375 451 1432 hoc
491 1376 698 1432 Valerii
735 1376 1023 1432 auc‘toritas
1059 1381 1112 1432 &
1148 1378 1379 1450 optimo-

98 1470 218 1506 rum
249 1451 512 1505 Codicum
538 1449 669 1505 fides
691 1451 901 1506 refellit.
975 1446 1067 1507 Ad
1088 1452 1380 1524 Ulpianum

99 1541 161 1578 ut:
189 1523 496 1589 i·cdcamu3‚
535 1525 709 1579 nullus
734 1543 846 1579 non
870 1524 1018 1581 videt
1037 1564 1056 1592 ,
1095 1525 1379 1581 reffisfime

101 1597 427 1653 Puteolanos
457 1599 663 1652 colonis
702 1615 1078 1654 annumeratos
1109 1597 1244 1663 effe,
1287 1600 1381 1670 qui

104 1688 279 1725 tamen
305 1672 441 1726 illius
468 1689 620 1736 aev0‚
664 1669 720 1726 &
742 1671 974 1743 sequutis
1007 1671 1340 1743 temporibus
1357 1710 1379 1738 ,

101 1741 312 1798 abusive
340 1748 614 1817 municipes
648 1745 976 1801 dicebantur.
1029 1744 1381 1818 Symmachus

102 1816 191 1871 lib.
217 1816 256 1868 Ι.
288 1818 432 1888 epist.
454 1835 537 1889 39.
571 1819 872 1876 Puteolanis
896 1818 1233 1891 municipibus
1259 1821 1380 1875 Con-

90 1888 351 1959 stantinus
392 1892 496 1946 CL.
536 1893 623 1947 M.
668 1894 956 1952 modiorum
994 1897 1051 1953 in
1075 1894 1382 1952 alimoniam

104 1966 350 2023 civitatis
375 1965 604 2037 indulsit.
