1641 2784
503 130 1022 178 CIVITATUM.
1337 131 1413 173 309

111 230 353 308 possent,
393 233 614 307 largiter
639 227 1046 283 instruerentur.
1085 225 1224 282 Haec
1263 217 1408 300 enim

113 308 289 363 rursus
319 306 552 363 melioris
583 317 730 358 notae
765 302 1058 374 municipia
1089 305 1141 354 &
1182 298 1408 376 coloniae

114 381 336 436 illustres
372 381 437 436 ab
466 378 647 442 Urbe,
694 376 847 430 velut
889 376 1130 431 membra
1158 392 1188 427 a
1232 382 1408 441 capite

117 456 522 520 su0,mutuatae
548 451 699 519 sunt;
748 448 804 502 id
846 466 1069 520 operam
1095 450 1308 512 danteS,
1347 454 1410 496 ut

114 528 155 582 si
193 527 544 599 impensarum
582 521 972 595 'magnitudine
1020 524 1070 577 ei
1111 540 1266 595 pares
1307 514 1410 573 else

113 603 428 672 nequirent,
467 599 649 653 saltem
680 597 964 669 elegantiae
1012 598 1168 651 laude
1195 596 1251 650 in
1280 611 1412 665 ope-

112 676 257 729 ribus
284 692 395 729 non
440 673 806 729 vincerentur.
889 670 1028 724 Satis
1068 669 1175 725 hoc
1203 670 1259 723 in
1305 669 1410 722 lta-

111 750 181 802 lia
207 765 523 819 permanens
564 745 630 801 ad
660 743 776 798 haec
796 743 959 815 usque
978 759 1228 817 tempora
1242 740 1410 797 colos-

109 821 255 875 seum
291 823 576 887 Veronae,
614 820 888 891 integrum
912 816 1238 873 Pantheonis
1276 833 1409 870 mar-

112 895 288 949 morei
345 897 562 950 lacunar
620 892 858 958 Patavii,
925 891 984 945 &
1023 910 1176 947 arcus
1219 891 1409 945 trium-

112 968 295 1038 phales
341 967 606 1033 Arimini,
645 965 906 1022 Anconae
952 983 1014 1021 ac
1051 965 1173 1020 alibi
1218 962 1408 1019 testan-

118 1058 222 1095 tur.
298 1042 359 1096 In
415 1043 622 1098 Galliae
676 1058 894 1112 quoque
961 1040 1174 1095 colonia
1230 1039 1408 1107 Copia

118 1115 341 1169 Claudia
390 1111 634 1188 Augusta
680 1110 1126 1187 Lugdunensium
1189 1110 1404 1175 exusta,

114 1199 192 1243 tot
220 1189 573 1261 pulcherrima
586 1198 776 1261 opera,
817 1205 928 1261 quae
947 1189 1154 1261 fingula
1178 1184 1406 1255 illustra-

113 1279 175 1317 re
200 1264 353 1318 urbes
364 1264 605 1337 singulas
628 1261 821 1335 poſjbnt
835 1300 854 1327 ,
894 1280 999 1317 una
1032 1278 1136 1316 nox
1147 1259 1362 1330 stra-vit
1384 1297 1402 1324 ,

112 1338 188 1389 ait
247 1337 475 1402 Seneca,
550 1335 696 1408 epist.
756 1352 843 1406 91.
925 1331 1295 1405 Amphiteatri
1346 1332 1405 1387 δε

113 1408 442 1465 thermarum
470 1413 581 1477 eius
609 1410 944 1482 publicarum
971 1407 1213 1462 meminit:
1240 1408 1404 1462 Euse-

113 1483 263 1545 birm,
328 1484 385 1538 δε
420 1485 652 1539 fornices
698 1481 1128 1556 aquaeductuum
1170 1500 1200 1536 a
1250 1482 1401 1536 sexto

109 1556 318 1628 lapide,
381 1560 585 1629 aliaque
620 1577 650 1612 a
692 1557 901 1630 Sponio
949 1556 1161 1610 laudata
1228 1555 1401 1611 adhuc

115 1631 399 1702 supersunt.
482 1632 614 1687 Non
651 1634 824 1687 minus
852 1627 1180 1702 Apollinaris
1238 1648 1398 1683 carm.

118 1721 200 1772 23.
272 1703 585 1760 Narbonem
613 1726 642 1761 a
670 1707 835 1761 muris
860 1740 877 1766 ,
916 1705 1122 1775 portiS,
1175 1704 1401 1775 portici-

112 1778 233 1840 buS,
276 1777 434 1843 foro,
490 1780 734 1846 theatro„
788 1777 1016 1834 aroubus
1068 1777 1400 1848 thermisque

112 1851 539 1918 commendavit,
581 1857 728 1919 cuius
757 1853 923 1909 verba
953 1852 1231 1906 brevitatis
1257 1851 1401 1905 caus-

111 1926 162 1977 sa,
188 1926 579 1992 praetermitto
638 1927 754 1980 Prae
782 1927 973 1982 ceteris
1012 1925 1227 1996 quidem
1268 1925 1400 1980 emi-

110 1998 308 2051 nebant
335 1999 492 2052 urbes
526 2003 855 2071 metropoles
874 2038 889 2064 ,
914 2005 964 2051 δε
991 2000 1268 2054 civitatum
1291 2017 1399 2054 ma-

112 2088 220 2125 tres
239 2110 255 2135 ‚
298 2089 327 2123 a
355 2073 749 2144 magnificentia
766 2072 1173 2146 splendidiffimae
1203 2075 1284 2128 vel
1312 2091 1397 2129 ον-

106 2141 372 2217 natg'ffimae
402 2145 586 2207 dicke,
625 2163 686 2201 ut
712 2148 868 2218 supra
908 2147 1179 2213 vidimuS,
1218 2147 1304 2202 sed
1336 2147 1396 2201 &

108 2222 285 2275 Atina
321 2229 503 2289 potens
543 2221 804 2294 Tiburque
827 2221 1109 2294 superbum
1160 2223 1394 2292 appella-

112 2307 201 2346 tur
229 2292 462 2365 Virgilio
505 2294 592 2348 lib.
622 2295 745 2349 Vll.
787 2294 1004 2350 AEneid.
1028 2295 1094 2349 vs.
1141 2296 1263 2365 630.
1306 2296 1396 2350 Ci-

110 2382 235 2421 cero
275 2366 532 2424 Puteolos
570 2378 802 2439 parvam
867 2370 1086 2425 Romam
1138 2371 1391 2436 vocavit,

814 2443 869 2497 V
911 2459 936 2511 3
1261 2459 1393 2510 quo-
