1641 2784
405 153 788 201 POTESTATE
813 151 1131 197 'AEDILIUM-·
1336 152 1409 203 237

130 270 241 314 tem
280 254 454 313 divisis
483 253 774 328 provinciis
804 251 1007 324 fregit,
1052 247 1127 305 sic
1161 256 1411 305 veterum

132 348 351 402 quoque
368 329 698 386 coloniarum
711 324 1138 393 iurisdictionem
1151 322 1300 376 varie
1325 318 1408 377 de-

132 405 379 459 curtavit.
418 400 722 457 Hadrianus
754 397 877 453 dein
894 410 1130 469 quatuor
1156 393 1411 451 Consula-

129 495 216 532 res
244 495 344 549 per
378 491 591 530 omnem
628 472 834 527 Italiam
862 470 1062 540 judices
1100 468 1411 533 constituit,

130 550 352 605 auctore
379 548 666 619 Spartiano
714 546 771 599 in
803 548 917 613 eius
947 544 1058 599 vita
1097 562 1213 615 cap.
1244 560 1328 598 22.
1354 539 1414 594 Sc

131 622 350 678 Marcus
378 623 517 676 datis
526 619 776 692 juridicis
811 619 986 674 Italiae
1024 617 1302 690 consuluit,
1339 613 1416 670 ad

129 697 191 752 id
215 696 527 767 exemplum,
545 710 637 767 quo
659 690 1295 762 HadrianusgfiConficlares
1334 690 1416 743 vi-

129 785 216 824 ros
241 769 458 823 reddere
474 773 610 837 jura
630 775 996 839 praeceperat,
1037 765 1111 819 ait
1154 762 1417 835 Capitoli-

129 859 228 896 nus
253 842 309 895 in
346 846 457 909 eius
486 841 599 897 vita
637 859 751 912 cap.
793 857 872 894 11.
924 838 1059 892 Non
1090 838 1262 892 multo
1292 833 1412 907 post

133 915 365 969 Seuerus
419 915 788 988 cognitionem
845 912 910 968 de
960 910 1237 977 omnibus,
1292 926 1413 979 quae

131 989 271 1042 intra
298 985 641 1043 centesimum
676 986 741 1042 ab
783 986 917 1041 urbe
958 984 1187 1057 lapidem
1230 984 1286 1037 in
1324 981 1415 1035 de-

130 1079 246 1115 cem
270 1059 638 1116 suburbicariis
667 1059 978 1134 regionibus
1007 1054 1414 1113 committeban-

131 1148 254 1198 tur,
306 1135 371 1187 ad
409 1133 728 1188 Praefectum
767 1133 902 1188 Urbi
939 1131 1160 1199 detulit3
1202 1129 1294 1200 qui
1324 1145 1411 1182 ex-

129 1223 212 1259 tra
237 1206 424 1260 urbem
469 1207 713 1277 quidem,
754 1223 866 1260 non
904 1206 1073 1276 magis
1103 1221 1261 1274 quam
1275 1203 1414 1256 Prae:

128 1283 346 1347 tor‚jus
376 1278 611 1345 dicebat,
651 1279 736 1333 sed
780 1278 843 1332 de
868 1275 1015 1331 omni
1044 1274 1245 1341 caussa,
1289 1292 1409 1346 quae

128 1367 489 1406 extramuros
521 1351 816 1416 acciderat,
854 1350 911 1405 in
947 1348 1080 1403 urbe
1106 1348 1406 1416 judicabat,

131 1428 216 1481 vel
247 1426 467 1492 judicari
493 1424 709 1493 jubebat
742 1436 1074 1495 provocatus
1106 1423 1137 1476 l.
1178 1439 1219 1475 1.
1254 1420 1328 1488 ἐξ
1359 1438 1422 1490 3.’

125 1499 206 1552 D.
234 1499 292 1553 de
320 1499 437 1569 offic.
463 1502 619 1571 praefi
648 1498 784 1554 urbi.
840 1497 1050 1552 Ceterae
1080 1494 1280 1567 septem
1309 1495 1410 1548 Ita-

128 1573 213 1626 liae
256 1575 506 1644 regiones
544 1571 634 1626 sub
680 1569 1125 1633 CorrefftoribUS,
1167 1568 1224 1622 &
1263 1568 1410 1622 deni-

127 1663 231 1716 que
271 1663 453 1700 onmes
478 1646 569 1700 sub
597 1644 858 1700 Praefecto
874 1641 1137 1697 Praetorio
1166 1641 1406 1706 fuerunt,

125 1734 189 1772 ut
222 1718 437 1772 Notitia
476 1719 707 1774 Mariani
758 1717 907 1772 Scoti
953 1715 1188 1770 testatur.
1269 1715 1407 1768 Haec

128 1792 192 1846 de
224 1792 372 1846 Italia
409 1791 697 1847 sufficiant:
748 1792 904 1864 plura
938 1790 1212 1845 Berterius
1257 1787 1407 1842 dabit:

126 1864 332 1919 Pithan.
365 1865 517 1919 diatr.
562 1868 599 1920 I.
627 1884 739 1936 cap.
769 1883 816 1934 3.
890 1864 951 1918 In
985 1862 1276 1934 provinciis
1313 1879 1406 1915 ve-

126 1956 189 1993 ro
230 1940 573 1995 proconsules
603 1935 924 1992 &Praesides
951 1935 1296 2008 plenissimam
1316 1937 1404 2006 ju-

124 2012 486 2068 risdit‘tionem
540 2013 836 2077 habebant,
900 2010 1279 2080 omniumque,
1308 2005 1401 2079 'qui

123 2086 308 2140 Romae
333 2090 415 2156 jus
451 2086 871 2154 dicebanc,vice
912 2083 969 2138 &
998 2081 1178 2139 officio
1214 2084 1402 2155 funge-

125 2160 351 2224 bantur,
389 2178 489 2215 nec
513 2160 795 2232 quicquam
820 2159 1139 2214 voluntariae
1167 2172 1260 2212 aut
1275 2174 1402 2211 con-

126 2232 363 2288 tentiosae
401 2233 780 2300 jurisdiffimus
828 2247 943 2286 erat
999 2233 1055 2285 in
1085 2231 1398 2303 provincia,

127 2306 273 2377 quod
298 2324 404 2360 non
443 2326 540 2379 per
567 2306 703 2377 ipsos
722 2305 1096 2376 expediretur,
1136 2307 1169 2361 l.
1205 2322 1250 2374 7.
1271 2312 1319 2367 S.
1350 2322 1396 2355 2.

129 2381 162 2433 l.
192 2396 244 2452 9.
268 2379 348 2434 D.
368 2382 427 2437 de
456 2380 538 2453 qff.
565 2381 788 2504 Proapl.
827 2396 906 2433 10.
925 2380 996 2435 D.
1027 2380 1089 2438 de
1112 2378 1196 2452 off.
1226 2380 1394 2504 Γφξιήχ.

558 2509 565 2516 ,
721 2472 810 2509 ,ΑΟ
848 2470 877 2524 3
1300 2487 1318 2507 ιγ
1344 2470 1401 2507 O·
