1641 2784
238 144 312 194 473
408 136 538 178 CAP.
563 133 694 174 x111.
719 135 800 174 DE
825 136 1341 186 JURISDICTIONE

227 233 459 295 thosred.
491 231 558 288 ad
590 232 626 288 l.
663 249 706 286 1.
742 234 795 289 C.
828 233 927 291 Th.
956 236 1034 290 ad
1065 238 1166 307 leg.
1209 236 1325 307 Jul.
1367 239 1429 296 de
1471 261 1528 298 a·

225 312 359 370 dult.
385 308 443 364 &
471 326 608 382 quos
650 308 865 365 laudavi
903 307 968 365 de
994 314 1164 366 tutela
1205 312 1338 368 viar.
1381 316 1527 384 publ.

220 402 362 460 part.
398 384 491 438 III.
523 402 638 456 cap.
676 384 726 440 6.
812 383 942 440 Huc
969 385 1203 457 denique
1249 388 1527 458 pertinent

220 458 462 534 piscarii:
501 458 723 530 piscium
748 459 892 513 enim
932 477 1202 515 mercatus
1249 461 1393 534 apud
1438 483 1527 518 ve-

220 552 365 592 teres
397 536 564 607 longe
602 534 706 588 fuit
745 535 1044 596 maximus,
1107 533 1257 607 quod
1301 534 1385 590 his
1427 556 1531 593 ma-

222 613 342 685 gis,
386 626 550 680 quam
602 626 764 663 carne
802 608 1224 666 delectabantur.
1299 609 1531 666 Piscato-

221 703 309 740 res
341 685 506 739 etiam
534 701 603 737 ex
631 682 917 754 compacto
958 683 1229 757 agebant,
1285 687 1436 739 velut
1476 687 1532 739 in

220 757 468 814 Velabro
495 758 717 829 olearii3
757 758 900 813 unde
931 757 1290 813 vetustiffimis
1320 773 1532 831 tempo-

220 833 371 889 ribus
403 832 549 905 apud
573 827 932 887 Athenienses
975 851 1169 889 eorum
1210 834 1530 904 improbita-

223 908 268 963 ti
298 907 518 963 obviam
555 906 694 960 itum
736 906 810 961 est
849 907 1003 980 lege,
1057 926 1163 980 qua
1207 907 1531 974 cavebatur,

224 1000 294 1039 nc
335 980 502 1054 pisces
544 980 772 1036 minoris
811 980 1143 1047 venderent,
1202 1000 1363 1052 quam
1398 982 1533 1037 indi-

220 1054 453 1126 cassent3
496 1073 607 1126 quo
641 1055 716 1108 ita
740 1054 910 1111 nimio
939 1055 1165 1112 licentes
1192 1070 1382 1128 putres
1409 1057 1532 1111 suos

223 1130 449 1187 domum
477 1144 846 1199 reportarent.
920 1122 1048 1184 Alia
1087 1132 1177 1185 lex
1221 1146 1368 1184 erat:
1421 1130 1535 1202 Pis-

224 1207 369 1262 carii
396 1200 558 1277 pisces
584 1219 723 1274 aqua
746 1220 806 1257 ne
833 1205 1084 1274 rigautoz
1124 1221 1192 1258 ne
1233 1204 1418 1259 fucum
1457 1205 1534 1258 fa-

225 1295 417 1335 cerent
450 1276 824 1348 emptoribus,
877 1294 1017 1331 neve
1052 1295 1240 1332 recens
1275 1280 1421 1349 capti
1455 1279 1536 1331 vi-

224 1353 522 1417 derentur,
577 1351 669 1421 qui
699 1368 812 1405 non
855 1347 1052 1421 essent3
1113 1351 1265 1421 piscis
1299 1369 1532 1422 nequam

225 1424 326 1482 nisi
351 1443 558 1481 recenS.
599 1423 724 1479 vide
749 1421 1056 1480 Meursium
1089 1425 1178 1482 lib.
1220 1425 1285 1478 II.
1330 1425 1533 1480 Them.

222 1500 347 1559 Att.
375 1516 492 1570 cap.
526 1516 613 1569 30.
644 1498 958 1554 &Petitum
987 1500 1161 1573 inleg.
1190 1496 1311 1553 Att.
1343 1499 1434 1555 lib.
1462 1502 1534 1554 V.

224 1577 308 1632 tit.
329 1592 376 1646 3.
418 1572 897 1642 Quemadmodum
922 1591 1057 1629 vero
1080 1572 1314 1629 Athenis
1342 1572 1537 1628 harum

223 1652 412 1725 legum
453 1662 779 1704 executores
834 1661 991 1704 erant
1036 1645 1413 1723 Agoranomi,
1467 1644 1538 1703 sic

224 1725 284 1780 in
311 1724 543 1780 coloniis
570 1721 628 1776 ὅτ,
653 1722 960 1796 municipiis
1001 1723 1380 1779 Romanorum
1410 1718 1538 1777 AE-

228 1799 378 1856 diles.
456 1796 623 1870 Apud
657 1793 953 1874 Apuleium
993 1799 1084 1854 lib.
1127 1798 1167 1852 I.
1207 1796 1434 1852 Metam.
1481 1797 1537 1850 in

208 1873 371 1946 fine,
425 1871 699 1947 PytlieaS‚
754 1891 859 1945 pro
899 1869 1229 1929 AEdilitatis
1269 1871 1533 1944 imperi0‚

225 1947 514 2022 piscarium
529 1947 779 2019 increpat
793 1966 931 2004 voce
946 1948 1263 2021 asperrima:
1283 1948 1532 2017 Tamjam

226 2041 314 2080 nec
340 2026 525 2080 amicis
552 2024 754 2097 quidem
784 2022 975 2094 nostris
998 2065 1019 2087 ‚
1057 2023 1151 2078 vel
1174 2025 1373 2077 omnino
1409 2020 1531 2075 ullis

229 2096 509 2172 hospitibus
529 2100 791 2173 parcitis?
828 2097 977 2169 Quid
1016 2110 1130 2155 tam
1171 2099 1377 2167 maguis
1407 2105 1531 2166 pre-

230 2175 323 2228 tiis
357 2173 515 2249 pisces
571 2173 791 2243 frivolos
840 2173 1164 2238 venditatis,
1230 2168 1306 2238 ἐξ
1342 2169 1534 2242 florem

229 2246 504 2319 Theſjaliae
549 2252 778 2322 regionis
815 2248 987 2319 iusiar
1009 2245 1307 2321 solitudinis
1328 2241 1532 2314 scopuli

233 2322 452 2378 edulium
476 2328 714 2380 caritate
754 2323 984 2381 ducitis?
1032 2323 1139 2379 Sed
1174 2337 1271 2376 uon
1309 2320 1531 2389 impune.

230 2394 366 2470 Jam
400 2399 534 2458 euim
565 2400 701 2472 flexo
737 2399 920 2475 scias,
987 2392 1405 2472 quemadmodum
1426 2388 1535 2520 figb

1435 2481 1469 2520 il
1503 2494 1527 2509 -
