1641 2784
433 92 1119 138 ETMUN1C1P118.'
1382 103 1431 141 ¹7

139 194 223 250 bit
249 188 545 265 Dionyfius
569 190 625 243 in
651 188 939 259 Excerptis
969 186 1262 244 Valesianis
1301 205 1426 262 pag.

141 283 263 338 503.
310 265 586 338 particeps
628 278 762 333 ergo
812 261 964 320 fimul
1003 261 1106 316 fuit
1153 261 1430 317 honorum

133 354 525 408 munerumque
563 332 831 399 civilium,
888 353 918 388 a
967 334 1159 405 quibus
1203 335 1431 392 munici-

135 415 228 485 pia
262 428 459 467 nomen
505 407 760 461 tulerunt.
836 407 1051 461 Diserte
1086 407 1282 464 Cicero
1320 426 1430 480 pro

135 489 354 541 Plancio
385 498 496 552 cap.
526 480 675 534 VIII.
706 481 788 535 Tu
811 495 863 535 es
893 497 958 535 ex
1001 484 1264 554 municipio
1290 485 1434 538 anti-

134 559 361 632 quissimo
402 556 454 609 T
446 552 705 627 ufhulano,
744 569 810 608 ex
855 569 949 625 quo
995 555 1237 624 plurimae
1263 555 1430 629 sami-

135 635 215 689 liae
227 625 358 704 'sunt
384 628 698 698 consulares:
736 629 791 681 in
820 626 999 698 quibus
1028 625 1097 694 cst
1124 631 1286 683 etiam
1331 628 1432 698 Ju-

130 706 306 760 ventia
329 739 348 767 ,
387 712 470 756 tot
504 717 568 756 ex
593 699 811 771 reliquis
838 702 1134 771 municipiis
1160 717 1257 754 non
1268 701 1416 773 sunt.

129 777 213 831 Ex
239 774 429 830 eodem
460 788 575 828 erat
603 773 795 829 Porcia
809 791 975 847 genS,
1018 772 1083 827 de
1103 777 1251 841 cujus
1284 778 1430 845 prin-

127 849 247 921 cipe
273 847 354 903 M.
396 847 594 901 Porcio
634 846 847 902 Catone
891 846 1036 901 idem
1073 845 1292 901 Tullius
1332 848 1423 902 lib.

130 923 196 977 II.
228 922 292 975 de
334 919 452 975 LL.
484 938 597 991 cap.
647 938 692 973 2.
740 923 858 991 Ego
903 920 1191 977 mehercule
1228 918 1303 988 59⁹
1344 923 1429 975 illi

129 999 205 1062 ἐξ)
236 995 463 1050 omnibus
491 996 781 1066 municipiis
823 993 953 1051 duas
1002 993 1093 1065 effe
1133 993 1302 1067 censeo
1329 1003 1432 1065 pa-

132 1071 309 1132 trias,
376 1084 527 1123 mmm
567 1078 814 1134 naturae,
873 1069 1109 1124 alteram
1146 1070 1428 1124 civitatis:

130 1153 191 1197 ut
215 1144 304 1196 ille
329 1143 454 1196 Cato
470 1180 489 1206 ,
512 1159 623 1197 cum
648 1140 769 1212 esset
801 1144 856 1197 T
852 1141 1005 1216 szculi
1029 1152 1185 1198 natus
1201 1179 1220 1207 ,
1260 1144 1315 1198 in
1335 1149 1432 1213 po-

121 1216 239 1288 puli
273 1215 498 1269 Romani
531 1217 809 1270 civitatem
860 1215 1124 1290 susceptus
1167 1214 1251 1286 est.
1329 1216 1426 1270 Ita

129 1306 242 1344 cum
269 1298 387 1344 ortu
416 1286 724 1362 thsculanus
769 1287 919 1362 effet,
970 1292 1197 1344 civitate
1233 1288 1428 1344 Roma·

133 1378 260 1423 nus3
316 1361 499 1417 habuit
540 1363 771 1418 alteram
820 1365 920 1418 loci
957 1365 1200 1435 patriam
1217 1400 1236 1428 ,
1287 1363 1427 1418 alte-

130 1453 253 1490 ram
266 1436 423 1506 juris.
500 1435 588 1490 Sic
619 1436 782 1490 etiam
806 1453 874 1490 ex
902 1437 1022 1491 aliis
1054 1436 1222 1491 Italiae
1248 1434 1427 1489 muni-

131 1508 317 1579 cipiss,
360 1525 481 1579 quae
511 1526 635 1563 cum
657 1505 910 1584 suffragio
937 1524 1119 1575 erant,
1162 1510 1273 1564 orti
1301 1507 1426 1562 Ma-

131 1582 234 1648 rii,
285 1580 451 1655 Jum,
493 1582 853 1646 Coruncanii,
905 1582 1108 1648 Tullii,
1159 1580 1415 1646 Scatinii,

132 1654 191 1710 &
227 1656 319 1726 qui
354 1673 466 1710 non
503 1655 624 1711 alii?
660 1655 999 1728 amplissimos
1041 1653 1279 1710 honores
1310 1653 1422 1708 Ro-

129 1746 230 1782 mae
263 1729 530 1784 consecuti
554 1728 702 1796 sunt,
741 1746 806 1784 ut
832 1745 1080 1785 veterum
1103 1744 1420 1783 monumen-

134 1816 190 1854 ta
219 1800 490 1856 testantur.
562 1798 672 1857 Adi
699 1802 948 1859 Ciceron.
978 1820 1081 1874 pro
1123 1802 1157 1856 S
1202 1803 1268 1856 lla
1296 1818 1412 1871 cap.

135 1887 186 1942 7.
220 1875 349 1928 Pnn.
379 1874 464 1930 lib·
485 1876 608 1933 VII.
631 1875 766 1930 Hist.
795 1894 909 1948 cap.
926 1892 1018 1946 43.
1043 1890 1098 1930 et
1183 1875 1302 1930 acit.
1330 1873 1419 1929 lib.

130 1946 233 2002 XI.
261 1943 403 2002 Ann.
429 1967 545 2022 cap.
576 1966 660 2018 24.
735 1950 1028 2004 EnImvero
1064 1948 1278 2021 publica
1306 1947 1418 2002 sua-

129 2019 290 2075 debat
317 2021 552 2088 utilitas,
590 2022 672 2076 uti
700 2023 1004 2094 munipriis
1053 2019 1291 2096 suffragii
1337 2024 1420 2088 jus

131 2093 382 2150 daretur:
423 2094 521 2151 hac
549 2096 690 2150 enim
721 2095 832 2151 esca
859 2096 1089 2152 ditiffimi
1123 2096 1180 2150 &
1209 2093 1421 2151 nobilis-

133 2166 248 2222 slmi
285 2169 481 2239 quique
508 2187 574 2224 ex
604 2169 755 2224 Italia
792 2173 842 2222 ὃς
884 2169 1174 2242 provinciis
1214 2170 1272 2224 iu
1315 2168 1424 2223 Ur-

134 2241 258 2296 bem
308 2241 705 2308 alliciebantur,
747 2258 807 2298 ut
836 2242 912 2299 lbi
941 2242 1251 2315 praetextati
1284 2258 1418 2322 opes

132 2315 244 2372 suas
274 2316 638 2391 profundere,
680 2334 852 2447 quani}
862 2318 916 2372 in
933 2317 1107 2391 patria
1137 2330 1414 2439 togatleffJ

1260 2406 1333 2460 po
1379 2406 1418 2442 x-
