1641 2784
439 87 1105 136 ET'MUNchPIIS.
1362 94 1411 142 “41'

140 192 214 247 ab·
259 181 504 263 Augusto
554 184 769 244 colonia
812 183 1111 245 'constituta'
1146 187 1235 245 est.
1300 185 1413 242 vid.

141 266 334 319 Cicero
366 265 430 318 II.
462 281 630 338 agrar.
660 280 774 333 cap.
806 280 888 332 34.
971 265 1152 333 Cae'sar
1168 261 1256 318 lib.
1288 261 1328 315 Ι.
1346 259 1413 315 de

136 339 276 393 bello
305 338 403 393 civ.
435 356 546 408 cap.
581 352 660 403 14.
746 337 1074 404 Vellejus'lib
1103 337 1168 391 II.
1197 354 1309 407 cap.
1324 350 1414 403 44.

142 427 197 466 et
237 411 432 465 Plinius
470 409 556 464 lib.
598 408 813 464 XVIII.
871 427 984 480 cap.
1044 428 1124 464 11.
1195 404 1275 464 At
1324 407 1417 462 iub

143 486 409 539 Caracalla
434 521 452 548 ,
506 482 654 536 vocis
695 481 919 552 quadam
959 482 1209 538 abusione
1247 497 1301 538 et
1325 496 1422 539 azm-

146 574 329 629 ρολογῐᾳ,
362 557 501 611 cives
546 555 805 626 Campani
843 556 1136 625 municipes
1177 556 1421 611 diceban-

140 650 247 686 tur.
320 632 407 684 De
460 629 765 682 Puteolanis
802 632 973 696 major
1010 627 1083 683 est
1123 629 1384 685 dubitatio
1399 667 1419 696 ,

141 707 223 759 uti
264 703 524 774 Capacius
565 701 629 755 de
657 718 761 756 ant.
795 702 982 773 Camp.
1021 720 1064 756 c.
1098 719 1180 771 24.
1207 707 1308 767 jam
1343 704 1422 758 vi·

141 779 218 831 dit
255 795 269 845 ;
339 775 461 847 quia
501 794 688 831 eorum
717 775 935 841 civita3‚
978 779 1030 828 &
1072 776 1422 847 praefectura,

136 851 198 903 δε
232 851 473 913 colonia,
505 850 560 903 δε
600 850 979 921 municipium,
1034 848 1090 902 &
1119 849 1294 903 rursus
1335 869 1424 904 co-

141 926 284 977 lonia
325 939 565 977 Vocatur.
642 923 777 977 Haec
842 941 973 995 ergo
1025 938 1086 977 ut
1149 922 1321 994 probe
1345 924 1426 976 in·

136 998 452 1069 ‘telligantur
488 1034 506 1061 ,
586 1011 829 1066 tempora
901 996 1020 1051 sunt
1109 996 1428 1072 distinguen-

145 1072 225 1124 da.
308 1071 467 1123 Initio
510 1071 720 1124 Puteoli
752 1070 1074 1125 Graecorum
1099 1072 1319 1125 fuerunt
1339 1089 1429 1125 co-

145 1145 308 1208 lonia,
324 1143 627 1214 Tarquinio
656 1144 884 1214 super-bo
910 1159 1189 1218 regnante,
1215 1162 1315 1216 per
1344 1144 1429 1199 Sa-

144 1219 278 1271 mios
311 1217 526 1272 condita
547 1257 563 1283 2
604 1216 942 1272 ut⁴Eusebius
967 1219 1158 1272 scribit.
1202 1217 1424 1282 Postea,

146 1310 311 1362 quum
350 1288 625 1346 Annibalis
665 1308 847 1361 partes
887 1290 1050 1346 effent
1086 1292 1285 1353 secuti,
1323 1309 1430 1345 una

147 1383 269 1419 cum
309 1365 494 1435 Capua
528 1359 598 1420 A.
648 1367 716 1418 V.
767 1365 1004 1423 DXLII.
1043 1384 1160 1420 eam
1193 1366 1428 1419 fortunae

151 1438 521 1492 conditionem
553 1439 755 1494 subiere
784 1477 802 1503 ‚
856 1456 917 1493 ut
954 1438 1198 1494 libertate
1222 1439 1431 1509 spoliati

151 1511 466 1565 Praefectum
493 1513 620 1578 iuris
653 1512 866 1567 dicundi
890 1513 1062 1567 Roma
1090 1514 1429 1583 acceperint,

152 1603 309 1656 atque
347 1585 467 1639 ideo
499 1605 528 1638 a
569 1586 736 1641 Sexto
771 1586 1029 1657 Pompeio
1061 1586 1116 1638 in
1156 1585 1432 1654 praefectu-

151 1660 220 1711 ris
256 1676 617 1716 numerentur.
696 1659 846 1732 Lege
875 1656 1047 1712 Acilia
1074 1657 1261 1712 deinde
1293 1660 1435 1712 colo-

153 1733 238 1784 nia
264 1733 386 1784 illuc
403 1732 627 1787 deducta
658 1729 1130 1787 estA.V.DL1X.
1155 1748 1215 1785 ut
1247 1731 1432 1785 Livius

152 1804 328 1858 scribit:
350 1804 438 1858 lib.
456 1806 730 1861 XXXIV.
755 1824 868 1877 cap.
884 1820 970 1874 45.
986 1807 1069 1859 vel
1084 1802 1150 1858 A.
1169 1805 1431 1860 DLVIII.

152 1893 214 1929 ut
247 1876 460 1949 Pighius
499 1879 552 1932 in
580 1880 742 1934 Herc.
774 1880 931 1932 Prod.
958 1897 1079 1950 pag.
1111 1879 1228 1949 336.
1271 1897 1337 1932 ex
1366 1894 1437 1932 ta-

152 1951 275 2004 bula
300 1968 767 2016 marmorea2cum
799 1950 955 2005 Fastis
985 1952 1302 2022 Capitolinis
1333 1953 1437 2022 col-

150 2025 256 2077 lata
281 2061 297 2087 ,
352 2025 645 2078 contendit.
719 2024 915 2079 Rursus
947 2025 1129 2080 cadem
1170 2024 1285 2080 haec
1309 2024 1438 2080 urbs

154 2097 432 2152 Ciceronis
464 2113 654 2164 aetate,
692 2097 784 2153 suo
815 2103 930 2167 jure
968 2098 1024 2153 δι’
1049 2098 1442 2166 1ὶὺετῖειῑθ,,οῐ)

150 2171 343 2224 merita
369 2189 426 2224 er
467 2190 495 2226 a
524 2174 786 2244 populum
823 2172 1123 2227 Romanum
1148 2196 1171 2240 ¹,
1211 2175 1297 2229 vel
1327 2173 1440 2227 Sul-

151 2244 255 2298 lam
286 2244 427 2298 forta
473 2265 531 2311 e,
574 2246 799 2312 donata,
825 2247 1129 2319 municipali
1152 2250 1273 2319 jure
1302 2247 1439 2301 frue-

152 2316 338 2375 batur:
379 2318 433 2374 id
463 2319 609 2392 quod
637 2320 722 2378 ille
747 2320 879 2377 binis
905 2321 1034 2378 locis
1059 2320 1441 2448 ostendiqgro

808 2394 853 2449 C
897 2408 922 2466 5·
1375 2411 1446 2448 oe-
