1641 2784
565 114 950 156 Annona-„2
1171 129 1181 135 -
1327 114 1406 166 ssa

111 227 205 275 tur
232 211 573 285 Justinianeis
599 210 897 284 quibusdam
913 246 931 274 ,
972 222 1071 264 non
1119 215 1232 265 tuto
1263 206 1407 266 vides·

110 290 230 345 licet
251 292 314 344 iis
340 286 520 350 credi,
560 283 634 351 ΕΞ)
650 283 786 353 saepe
816 299 1025 338 numero
1061 283 1212 340 aliud
1233 282 1374 354 longe
1383 297 1407 349 ,‘

107 380 262 435 quam
295 362 572 432 loquantur
606 356 808 420 verba,
856 355 1300 431 prudentzffimum
1338 356 1413 411 le·‹

107 435 406 506 gissatorem
448 429 643 487 intendi
682 445 723 484 e.
777 426 963 500 Atque
995 432 1069 483 ita
1108 429 1196 485 est.
1242 429 1412 504 Juris-.

110 507 344 565 consulti
387 505 527 560 enim
579 503 643 558 ad
681 503 981 575 augendam
1016 503 1144 568 juris
1175 503 1411 559 Romani

110 580 471 654 dignitatem,
488 575 774 648 aliquando
801 578 1039 631 rationes
1073 577 1253 632 civiles
1272 579 1410 633 clam.

111 654 321 727 populo
355 650 656 716 habebant,¹
694 661 763 705 ne
791 649 1070 708 cavillandi
1086 650 1291 707 ocealio
1322 650 1412 706 da-

109 743 293 783 retur:
336 743 459 779 nam
485 740 547 779 ut
578 724 780 779 Seneca
805 723 952 796 epist.
980 737 1067 794 95.
1099 724 1206 790 ait,
1245 727 1412 781 etiam

97 803 213 876 fine
233 799 634 872 probationibus
650 840 669 861 ,
709 796 817 873 ipsa
845 801 1092 862 monentis
1119 796 1415 856 austoritas

111 871 358 947 prodest.-
410 873 636 945 quomodo
694 871 1184 948 Jurisconsultorum
1234 873 1414 928 valent

112 946 377 1020 rffl‘oousa,
398 947 600 1020 etiamst
627 949 776 1002 ratio
806 963 900 1001 non
921 945 1185 1000 redditur.
1230 947 1415 1012 Quan-

117 1020 298 1091 doque
325 1026 486 1075 etiam
516 1021 701 1075 obvias
726 1020 935 1092 recepti
962 1019 1090 1088 juris
1126 1019 1183 1073 &
1208 1021 1414 1093 regula-

118 1112 241 1149 rum
268 1111 368 1164 per
397 1110 583 1147 manus
620 1092 939 1148 traditarum
980 1092 1218 1147 rationes
1246 1092 1415 1147 refer·

121 1186 181 1223 re
209 1166 468 1236 taedebat;
508 1165 793 1237 aliquando
822 1186 945 1233 eaS,
984 1165 1103 1238 post
1146 1180 1230 1221 tot
1272 1167 1418 1222 secu-

119 1243 296 1295 lorum
310 1241 591 1295 intervalla
606 1279 624 1306 ,
641 1241 966 1313 ignorabant
979 1278 997 1305 ‚
1020 1258 1119 1294 nee
1140 1240 1378 1294 omnium
1393 1278 1417 1306 ‚

124 1333 243 1386 quae
272 1333 302 1368 a
331 1313 618 1382 majoribus
645 1314 872 1379 tradita,
914 1311 1140 1367 causs'am
1168 1313 1416 1385 daripos-

121 1390 207 1453 se,
248 1384 348 1458 ipsi
361 1387 682 1442 fatebantur.
700 1388 736 1441 l.
760 1404 843 1442 20.
861 1387 933 1440 D.
951 1385 1009 1442 de
1034 1387 1111 1458 leg
1127 1387 1158 1443 l.
1182 1400 1262 1456 51.
1292 1394 1345 1451 §-
1366 1405 1418 1441 2.

122 1463 195 1517 D.
210 1463 286 1516 ad
301 1463 395 1532 leg.
411 1462 592 1533 Aquil.
611 1457 769 1515 Absit
787 1476 963 1514 tamen
985 1479 1237 1532 putemus
1257 1461 1417 1532 Papi-

122 1536 373 1598 nianum,
415 1553 575 1606 quem
603 1533 736 1588 nihil
759 1534 991 1598 latebat,
1033 1534 1133 1590 hac
1158 1535 1213 1588 in
1240 1533 1418 1605 specie

123 1605 403 1663 decifionis
441 1607 544 1661 suae
572 1608 840 1662 rationem
864 1604 1067 1681 fugiss'e.
1150 1607 1267 1678 Ipse
1298 1625 1419 1662 eam

123 1683 195 1736 lib
240 1699 284 1735 1.
338 1681 585 1751 Respons.
644 1679 807 1735 fufius
848 1685 1124 1737 exsecutus
1165 1697 1315 1746 erat,
1354 1693 1419 1735 ut

122 1770 274 1827 patet
326 1773 393 1809 ex
442 1755 479 1823 ζ.
525 1768 606 1824 17.
644 1755 717 1809 D.
757 1755 859 1811 eod.
916 1755 974 1809 &
1023 1771 1091 1809 ne
1129 1751 1235 1808 hoc
1271 1753 1417 1814 libro

123 1829 275 1885 XIII.
343 1832 455 1896 ejus
517 1828 845 1900 repetitione
906 1827 1097 1884 letiori
1163 1827 1416 1883 molestus

123 1900 254 1957 ess'et
292 1939 310 1967 ,
397 1901 636 1957 breviter
696 1901 917 1972 subjecit
956 1923 968 1958 :
1056 1905 1295 1974 quoniam
1351 1917 1419 1957 ea

120 1993 217 2032 uon
274 1975 675 2048 compensatur:
755 1975 810 2030 id
854 1974 927 2032 est
987 1980 1114 2048 quia
1168 1975 1415 2031 utilitatis

120 2049 349 2121 publicae
391 2050 570 2115 causa,
610 2050 667 2103 in
707 2048 1013 2119 hujusmodi
1056 2048 1206 2114 casu,
1269 2067 1417 2104 com-

119 2122 358 2195 pensatio
385 2121 458 2177 est
495 2123 785 2196 prohibita.
862 2125 1033 2179 Simili
1075 2123 1239 2178 modo
1268 2122 1415 2179 Mar-¹

126 2197 310 2251 cianus
337 2197 393 2251 in
429 2197 461 2252 l.
501 2213 591 2268 91.
637 2200 716 2252 ‘D.
759 2199 836 2254 ad
871 2199 963 2271 leg.
1003 2198 1144 2252 Falc.
1190 2197 1294 2264 ait',
1359 2198 1418 2264 in

128 2286 376 2341 quartam
431 2270 744 2327 hereditatis
789 2290 899 2327 non
948 2273 1234 2344 imputari,
1291 2288 1416 2341 quae

128 2339 283 2402 heres
311 2347 429 2416 jure
451 2345 618 2420 legati
643 2347 729 2405 vel
753 2345 1172 2477 fiZdeicommiffi,
1209 2345 1417 2471 vellim«

855 2433 888 2494 51
1263 2436 1299 2489 p
1324 2434 1414 2479 ess‘.¹
