1641 2784
327 134 716 177 AEDILITATE
747 131 1199 174 EXCVSANTVR.·
1319 150 1387 177 211

90 249 152 299 ut
193 233 340 290 refte
370 233 445 287 ait
473 229 760 298 Cujacius:
801 246 924 284 narn
973 228 1099 300 quia
1135 228 1388 286 AEdilitas

90 308 157 363 ad
197 307 422 363 honoris
475 302 748 375 amplioris
792 301 1020 373 gradum
1058 302 1262 374 primus
1304 305 1388 360 ad-

84 383 285 437 scensus
329 395 477 446 erat,
530 393 713 433 onmes
746 411 765 438 ,
819 375 911 446 qui
954 376 1019 429 ad
1059 377 1387 434 consulatum

85 455 422 526 adspirabant
448 490 466 518 ,
527 467 642 507 eam
698 446 849 518 prius
891 446 1075 502 obiiss'e
1115 454 1382 522 oportuit.

88 529 283 585 Cicero
311 527 399 582 lib.
440 525 505 581 ΙΙ.
546 518 658 577 Off.
699 539 812 591 cap.
860 534 940 589 17.
981 523 1254 581 „Mamerco
1297 525 1392 583 hc»,

84 606 213 657 mini
237 599 469 673 ditffmo
486 590 845 669 praetermiffio
878 593 1185 652 AEdilitatis
1210 603 1379 668 consu-

84 677 227 730 latus
271 670 524 745 repulsam
561 670 766 725 attulit.
841 668 904 723 In
956 669 1258 739 municipiis
1303 675 1379 729 sui

83 750 242 804 etiam
258 747 527 800 honorum
547 742 745 816 gradus
761 780 780 808 ,
823 756 985 813 atque
1012 741 1378 801 fEdilitasho.

80 839 179 875 nos
214 818 427 891 quidam
470 817 527 872 &
566 817 795 891 dignitas
836 834 948 871 non
986 816 1117 871 levis
1155 815 1378 875 habeba„

82 910 201 963 tur3
240 893 314 946 nil
341 907 519 946 tamen
551 889 736 946 cauffae
773 905 918 956 erat,
965 907 1063 945 cur
1101 890 1376 949 ambitiose

81 982 361 1038 peteretur
375 985 390 1036 3
434 966 558 1037 quia
596 966 767 1020 multo
795 966 915 1035 plus
957 964 1133 1019 oneris
1176 964 1376 1021 adfere-

77 1041 200 1105 bat,
241 1058 340 1094 nec
382 1038 436 1093 id
477 1039 624 1112 quod
663 1039 720 1093 in
758 1056 876 1093 eam
916 1053 1236 1112 erogatum,
1276 1058 1377 1112 per

77 1115 363 1184 ampliores
415 1111 762 1184 Magistratus
823 1113 1251 1168 Duumviratum
1287 1116 1376 1169 vel

79 1187 650 1258 Quinquennalitatem
669 1185 1124 1258 compensabatur.
1169 1188 1374 1255 Quam-

76 1262 263 1315 obrem
307 1260 510 1315 Scneca
536 1260 705 1313 refert
732 1277 778 1326 3.
811 1275 984 1317 contr.
1004 1260 1366 1316 Censorinum

77 1334 254 1388 dicere
297 1335 507 1388 solitum
526 1333 597 1389 :de
626 1333 735 1398 his,
779 1337 862 1406 qui
890 1333 1105 1390 honores
1131 1337 1184 1390 in
1209 1340 1374 1391 munl-

75 1410 224 1478 cipiis
249 1408 510 1475 ambitiose
519 1418 790 1479 peterent,
829 1407 1012 1464 videor
1025 1409 1155 1464 mihi
1177 1412 1370 1484 insom-

79 1484 160 1536 nis
192 1481 460 1536 laborare.
534 1480 743 1535 Merito
771 1481 940 1555 igitur
961 1481 1261 1537 liberalium
1290 1501 1373 1537 ar-

74 1555 208 1608 tium
254 1555 527 1610 Dmstores
583 1554 647 1609 ab
708 1571 775 1608 eo
817 1553 1030 1611 honore
1088 1556 1372 1612 excusandi

72 1643 259 1688 erant,
296 1630 495 1699 partim
521 1645 589 1681 ne
617 1645 807 1681 eorum
841 1627 1004 1688 animi
1042 1627 1234 1683 divinis
1276 1628 1372 1683 ob-

74 1701 460 1756 servationibus
488 1700 656 1756 dediti
685 1700 876 1771 patriae
907 1699 1176 1756 desideriis
1210 1720 1370 1756 occu-

74 1788 365 1845 parentur:
405 1775 599 1845 partim
627 1775 790 1829 etiam
815 1791 882 1829 ne
905 1776 1199 1842 juventutis
1227 1774 1369 1829 insti-

75 1849 255 1913 tuti0‚
305 1848 361 1902 in
402 1867 506 1920 qua
544 1848 677 1920 reip.
714 1849 830 1920 spes
877 1864 994 1904 tota
1022 1887 1039 1915 ,
1096 1851 1368 1920 omniique

74 1920 205 1975 boni
246 1923 329 1976 vel
378 1923 500 1977 mali
541 1921 878 1979 seminarium
905 1961 924 1989 ,
981 1926 1366 1997 negligeretur.

76 1995 132 2050 Si
159 1998 385 2065 quaeriS,
425 2013 554 2050 num
583 2011 759 2051 tantus
789 1997 847 2051 in
885 1998 1111 2052 coloniis
1163 2001 1213 2050 &
1255 2015 1370 2051 mu·

73 2069 280 2140 nicipiis
312 2087 501 2124 eorum
518 2107 535 2134 ,
557 2071 651 2140 qui
669 2068 837 2125 studia
863 2072 1126 2128 litteraria
1156 2073 1365 2126 excole-

74 2158 229 2208 rent,
270 2143 433 2198 fuerit
459 2161 742 2210 mineum,
782 2160 843 2199 ut
870 2146 934 2200 de
963 2165 1151 2201 eorum
1177 2148 1368 2208 immu-

76 2217 246 2276 nitate
273 2217 469 2289 aliquid
504 2217 839 2274 sanciendum
866 2220 1056 2276 fuerit?
1096 2217 1367 2277 AutstOres

85 2290 321 2361 optimos
353 2293 505 2347 dabo.
591 2293 787 2347 Cicero
811 2311 913 2365 pro
953 2290 1156 2349 Archia
1183 2312 1297 2364 cap.
1319 2308 1363 2361 3.

84 2362 251 2423 Italia
280 2375 401 2429 tunc
431 2368 586 2440 plena
618 2369 933 2493 Graecarum
957 2371 1159 2428 artium
1183 2386 1250 2426 ac
1266 2364 1366 2491 'dlf-

679 2506 681 2508 ³
777 2457 806 2493 2
1228 2450 1306 2512 czp
1332 2456 1368 2492 l-
