1641 2784
180 100 253 147 292-
362 89 1271 140 CAP.X111.DEJURISD1CT10NE

175 191 273 248 bus
314 186 604 243 deduGtum
655 185 761 254 est,
815 188 962 261 quod
1009 189 1152 256 dixi,
1211 193 1463 252 Consules

175 262 522 320 Colonienses
553 261 837 328 baculum,
879 261 975 317 libi
1014 264 1071 318 in
1113 265 1290 336 platea
1333 286 1468 338 prae-

169 340 373 403 latum,
414 337 470 391 in
514 333 716 390 Senatu
754 351 971 402 tenere,
1029 354 1280 408 tanquam
1326 344 1471 415 regi-

170 410 327 466 minis
351 409 554 482 publici
581 423 636 464 et
655 411 1040 478 jurisdictionis
1067 411 1301 485 insigne:
1344 433 1468 470 nam

167 485 448 541 Homerus
462 488 567 553 jam
582 485 829 539 meminit
839 485 1303 555 sceptrijudicum‚
1323 489 1471 560 quod

166 559 421 621 interim,
462 557 590 613 dum
618 559 685 613 ad
728 577 844 614 rem
897 560 1294 631 disceptandam
1342 581 1470 619 con-

169 633 446 698 sidebant,
497 633 841 704 praeconibus
887 633 1257 688 alscrvandum
1301 637 1471 692 trade-

164 707 359 774 batur,
384 707 515 761 Iliad
530 708 629 762 VI.
647 706 828 779 ibique
851 705 1162 762 Eustathius
1181 708 1271 764 fol.
1309 718 1465 779 1158.

163 777 399 838 Athenis
421 781 584 835 etiam
611 781 773 849 iudici
794 782 1085 852 unicuique
1105 782 1464 840 Heliastarum

162 856 413 911 baculum
426 892 445 921 a
507 855 564 909 in
604 864 800 928 σύμβολον
827 863 857 916 ξ
881 864 1077 927 δικάζων,
1112 855 1330 923 datum,
1394 877 1462 914 eo

163 931 352 986 colore
397 944 454 984 et
502 930 691 996 litera,
757 948 862 1001 qua
905 931 1138 985 tribunal
1177 945 1462 999 notatum,

165 1023 234 1060 ex
270 1001 604 1069 Aristotele,
637 1003 953 1060 Scholiastes
998 1003 1065 1059 ad
1107 1004 1319 1060 Comici
1348 1007 1465 1061 Plu-

166 1094 284 1134 tum
312 1092 366 1132 et
396 1078 601 1150 Vespas
646 1078 856 1144 scribit3
901 1078 1130 1133 eundem
1187 1079 1464 1145 Codinus‚

162 1153 220 1208 in
240 1168 497 1206 extremae
525 1151 757 1206 Graeciae
788 1151 1227 1224 MagistratibuS,
1271 1165 1459 1208 mammis

163 1226 529 1298 appellatione
558 1226 676 1294 plus
708 1226 864 1278 lemel
891 1226 1073 1278 donat.
1115 1225 1262 1279 Inter
1295 1224 1459 1297 gesta-

160 1301 307 1354 mina
347 1315 566 1368 quoque
589 1296 977 1368 imperantium
1011 1298 1201 1351 Florus
1243 1298 1332 1352 lib.
1365 1298 1459 1353 III.

160 1392 277 1444 cap.
322 1389 402 1438 19.
431 1372 520 1426 lib.
548 1371 648 1425 IV.
677 1389 791 1443 cap.
825 1388 910 1436 11,
944 1385 999 1426 et
1028 1372 1321 1426 Suetonius
1364 1371 1453 1425 lib.

159 1448 261 1503 VI.
304 1464 418 1517 cap.
455 1462 539 1516 24.
585 1443 759 1500 baculi
808 1446 1053 1518 argentei
1097 1460 1259 1517 atque
1304 1445 1455 1505 aurei

161 1520 497 1576 mentionem
546 1518 751 1573 faciunt
765 1537 786 1581 ,·
823 1517 972 1574 asicut
1026 1519 1082 1573 in
1126 1521 1245 1573 aula
1295 1518 1458 1592 Regis

165 1593 487 1651 Gothorum
528 1593 675 1648 Cura
715 1593 901 1666 palatii
944 1612 1066 1648 cum
1105 1611 1267 1647 aurea
1305 1595 1461 1662 virga

159 1668 411 1724 incedere
464 1666 704 1734 solebat,
774 1667 902 1722 teste
983 1667 1300 1722 Caffiodoro
1369 1666 1459 1720 lib.

161 1743 288 1799 VII.
333 1757 443 1795 var.
490 1759 534 1795 c.
586 1754 630 1809 ς.
667 1759 767 1795 nec
812 1742 1099 1813 quicquam
1143 1742 1199 1795 in
1254 1739 1459 1807 judiciis

163 1816 570 1872 Germanorum
615 1816 930 1887 capitalibus
979 1815 1167 1871 baculo
1211 1815 1456 1884 frequen«

161 1891 266 1945 tius
326 1887 601 1955 occurrit,
667 1889 772 1947 vid.
827 1887 1084 1946 Nemelin
1145 1889 1455 1945 Carolinam

160 1978 258 2020 art.
300 1969 386 2024 82.
421 1977 477 2020 et
503 1964 597 2034 96..

1291 2331 1336 2393 C
1373 2325 1452 2387 A·-
